2263 3027
949 92 1272 149 ARABES.
1544 100 1549 106 ’
1596 126 1603 132 ·
1970 113 2070 166 247

135 218 371 267 notatione
391 215 612 284 posuiss'e.-
660 218 719 265 At
740 230 869 279 quum
888 215 1072 280 instituti
1087 219 1220 280 nostri
1236 219 1387 281 nonsit
1405 219 1550 267 exafie
1569 219 1742 282 definire
1759 239 1886 272 annos
1904 225 2068 286 (Philo-

123 287 383 353 sophorum)
410 303 562 334 verum
581 302 635 331 ex
655 285 736 330 illis
757 284 951 330 nonnulla
973 285 1203 345 recenfi’re,
1238 304 1346 350 quae
1368 291 1480 350 quod
1497 288 1799 354 laztdczbilefuit
1816 297 1859 338 in
1877 293 2065 342 moribus

134 371 281 400 eorum
301 360 566 420 exprimant,
602 364 730 414 atque
756 356 940 397 animum
963 350 1168 400 obleffare
1206 382 1271 388 -—
1307 383 1373 389 —-
1407 357 1513 403 nihil
1528 358 1666 419 nostra
1686 364 1892 406 intererit
1913 374 2064 409 vtrum

132 433 323 487 tempora
343 417 723 484 quibicsfafffa'fuit
743 435 889 463 eorum
907 425 1087 473 mentio,
1112 421 1201 482 stnt
1221 438 1268 466 ea
1294 421 1444 485 quibus
1472 421 1877 486 reuera-floruerint
1906 445 1980 475 nec
1998 446 2062 476 ne.

121 489 209 535 Ait
228 505 374 534 tamen
394 487 627 552 sequutum
647 482 690 532 se
711 482 794 531 effe
810 487 1131 553 Chronologos
1142 486 1378 535 Eusebium
1392 506 1434 536 et
1449 492 1777 547 Andronicum,
1800 495 1942 558 iisque
1957 513 2061 543 con-

129 552 392 602 sentientem
412 552 622 602 Iacobum
654 550 932 608 RQhensem,
969 557 1048 618 qui
1071 554 1213 602 tribus
1243 556 1408 618 linguis
1439 559 1665 616 Hebraea⁹
1698 563 1866 608 Graeca
1888 579 1929 610 et
1949 567 2058 626 Syra

130 624 349 669 excelluit.
1751 662 1754 665 -

228 730 237 739 .
262 691 348 736 His
368 686 476 733 adde
498 687 881 748 Chronologicam
905 686 1152 735 Historiam
1175 691 1295 734 Hazi
1319 691 1483 754 Kalisae
1511 694 1648 756 Musta
1667 713 1735 748 zze,
1766 697 2057 744 Muhameda-

126 761 196 809 ni,
234 757 285 803 ab
307 755 494 816 exordio
516 756 683 801 Mundi
704 756 758 800 ad
780 772 922 818 Vsque
941 761 992 802 A.
1014 759 1061 802 C.
1083 761 1196 804 622.
1231 773 1364 819 quam
1385 776 1438 804 ex
1461 763 1673 815 Turcico,
1694 762 1862 809 Persico
1887 781 1927 810 et
1952 773 2054 811 Ara«

126 824 228 871 bico
256 824 401 870 Italice
421 822 561 868 edidit
583 825 646 870 Io.
663 823 900 869 Rainaldus
914 823 1125 871 Carolust
1163 825 1440 886 Cronologia
1465 826 1641 874 Istorica
1665 828 1810 875 scritta
1834 833 1877 876 in
1902 833 2055 893 lingua

123 896 169 938 T
172 909 283 944 urea,
305 888 502 937 Perfiana
524 905 566 937 et
584 889 730 937 Araba
753 890 807 936 da
832 892 952 936 Hazi‘
969 888 1111 937 Kalife
1141 889 1356 945 Most-afa,
1395 910 1417 938 e
1440 894 1628 952 tradotta
1651 897 1754 942 nell³
1776 897 1943 944 idioma
1974 904 2054 945 Ita-

122 959 239 1005 liano
260 958 312 1004 da
334 959 567 1005 Giovanni
586 957 767 1005 Rinaldi
789 957 933 1011 Carli,
962 958 1138 1004 Nobile
1159 957 1534 1023 Iustinopolitano
1563 977 1605 1007 et
1625 965 1913 1025 Dragomano
1940 967 2053 1014 della

120 1023 317 1073 Sereniff.
339 1029 448 1090 Rep.
471 1026 519 1072 di
537 1027 745 1074 Venezia.
782 1030 869 1073 Au.
899 1029 1037 1087 1696.
1076 1042 1122 1085 4.
1192 1026 1310 1075 Vide
1350 1024 1564 1080 Museum
1590 1032 1828 1078 Mineruae
1857 1036 2054 1082 Venetae

120 1097 180 1144 T.
200 1109 237 1142 1.
271 1110 315 1157 p.
341 1108 449 1152 359.
833 1126 842 1134 ·
1674 1151 1678 1155 .

67 1212 75 1215 Α
275 1163 413 1208 Venit
444 1162 578 1210 etiam
606 1162 695 1209 hoc
727 1161 829 1209 loco
861 1161 1211 1211 memorandum
1229 1162 1432 1218 alterum,
1467 1158 1542 1212 sed
1574 1162 1799 1216 christiani
1819 1165 2051 1235 scriptoris

119 1226 351 1276 Chronicon
372 1231 606 1284 Orientale,
641 1230 763 1293 quod
781 1248 836 1277 ex
858 1230 1052 1279 Arabico
1074 1231 1240 1279 Codice
1272 1233 1544 1294 Segueriano
1568 1235 1770 1298 primum
1799 1235 1980 1284 versum
2007 1252 2051 1285 et

116 1297 276 1342 Latine
293 1295 466 1342 editum
487 1295 547 1342 est
568 1296 621 1342 ab
643 1295 879 1343 Abrahamo
899 1299 1146 1360 Ecchellenfi‚
1171 1297 1342 1345 Parifiis
1372 1315 1390 1347 1
1405 1309 1461 1357 65
1479 1318 1511 1346 1.
1546 1299 1626 1348 fol.
1663 1304 1782 1351 inter
1809 1302 2051 1370 scriptores

117 1360 325 1408 historiae
344 1364 634 1423 Byzantinae3
673 1363 836 1407 deinde
855 1364 1004 1408 denuo
1025 1363 1218 1417 versum,
1249 1380 1379 1427 atque
1399 1368 1764 1416 annotationibus
1784 1371 2051 1420 illustratum

116 1445 138 1474 a
159 1429 316 1495 Iosbpho
336 1431 523 1474 Simonio
543 1425 776 1490 Affi’manno
841 1430 979 1474 rodiit
997 1432 1166 1476 Romae
1195 1444 1332 1490 1729.
1373 1427 1454 1477 foL
1533 1435 1672 1479 Cuius
1696 1437 1879 1498 quidem
1903 1439 2048 1485 Chro-

104 1496 206 1541 -nici
225 1493 453 1541 austorem
474 1492 558 1557 effe
579 1499 758 1540 Petrum
779 1500 817 1541 A
856 1496 1057 1543 uihiaker
1078 1496 1367 1543 Ebnarraheb
1382 1496 1608 1544 Abilaram
1619 1500 1740 1557 idem
1753 1501 2048 1554 Affemannus

114 1558 317 1608 ostendit.
384 1565 454 1607 De
473 1559 654 1623 θυρεοῖς).
683 1562 741 1606 ita
762 1559 912 1607 scribit
935 1561 1251 1609 Ecchellcnfis:
1319 1564 1515 1625 Nostrum
1536 1569 1750 1632 exemplar
1784 1564 2047 1634 Anonymun'z

113 1629 176 1692 cst,
209 1641 256 1675 at
274 1634 360 1674 eius
380 1641 575 1674 aurorem
586 1625 709 1690 fitiffi’
729 1631 937 1690 quendam
956 1634 1119 1678 nomine
1131 1629 1273 1690 filium
1293 1631 1516 1686 Monachi,
1552 1649 1605 1677 ex
1622 1640 1766 1697 prima
1779 1651 1908 1702 parte
1920 1640 2048 1687 Chro-

110 1701 197 1746 nici
213 1698 447 1744 GEORGII
472 1698 729 1741 HOMAIDI
758 1698 1020 1756 (Elmacini)
1047 1698 1171 1763 plane
1200 1697 1423 1761 collzgitur.
1489 1701 1666 1761 Qoties
1690 1707 1799 1748 enim
1831 1708 2047 1772 quodpafi

99 1765 301 1828 fimfa‘cit
319 1763 426 1811 hunc
449 1756 616 1816 laudat,
651 1763 1099 1825 nonffilumfi‘ntentia
1107 1765 1276 1830 meper
1296 1767 1437 1810 eadem
1455 1765 1519 1827 cst,
1548 1766 1629 1827 fl’d
1643 1784 1870 1819 numerata
1879 1790 2045 1838 quoque

109 1829 254 1878 verba.
318 1833 423 1879 Eum
444 1843 585 1877 autem
596 1828 720 1894 fuiffe
739 1835 991 1898 Aegyptium
1011 1833 1269 1899 Cophtitam³
1305 1833 1644 1894 indicamstilus‚
1678 1845 1858 1896 numeri,
1892 1858 1943 1888 ac
1959 1844 2046 1891 Pa-

109 1898 410 1947 triarcharum
431 1902 576 1947 Gentis
594 1903 725 1952 vitae,
747 1916 932 1961 quorum
941 1915 1027 1967 pro
1049 1900 1326 1963 Diostoriana
1346 1900 1391 1934 28
1416 1899 1536 1963 stffa
1557 1900 1720 1950 labores
1734 1922 1784 1952 ac
1804 1915 2044 1961 certamina

110 1964 304 2012 celebrat.
377 1969 432 2013 In
453 1965 664 2014 aetatibus
682 1967 1035 2015 Patriarcharum
1060 1970 1254 2015 rationes
1273 1970 1406 2016 LXX.
1435 1972 1751 2034 ‚Interpretum
1783 1979 1830 2016 29
1860 1976 2041 2042 probat,

110 2034 232 2081 addit
253 2048 401 2081 tamen
420 2049 686 2100 computum
697 2033 1016 2083 Hebraeorum
1037 2033 1282 2084 secundum
1300 2033 1552 2084 versionem
1562 2035 1790 2089 sacrorum
1812 2043 2042 2102 librorum

108 2100 346 2149 Arabicam
366 2099 584 2157 Abibahri
609 2100 939 2150 Almontafferi.
1008 2108 1134 2169 Qae
1162 2104 1217 2152 de
1239 2104 1595 2171 Imperatoribus
1613 2109 1830 2158 Ro'manis
1856 2111 2047 2161 tradum'

108 2183 182 2216 tur
202 2184 245 2216 et
266 2184 404 2234 pauca
423 2165 522 2215 sunt
542 2183 585 2216 et
607 2171 654 2216 in
677 2171 891 2218 Heraclio
916 2172 1004 2219 hoc
1023 2172 1083 2220 est
1106 2188 1314 2238 tempore
1339 2175 1536 2236 Hegirae
1558 2176 1903 2227 Muhamedicae
1932 2179 2041 2230 defi-

107 2251 236 2285 nunt.
304 2234 504 2283 Historia
525 2237 812 2302 Calipharum
838 2240 1221 2287 Moslaminorum
1245 2256 1288 2288 et
1300 2240 1590 2306 Calipharum
1608 2247 1811 2311 Aegypti
1830 2262 1874 2296 et
1895 2248 2040 2313 Baby·

106 2303 247 2362 lonis,
280 2304 721 2369 Patriarcharumque
739 2304 1036 2356 Alexandriae
1057 2308 1322 2373 perducitur
1354 2326 1496 2374 vsque
1519 2311 1573 2358 ad
1600 2317 1655 2363 A.
1678 2316 1725 2360 C.
1751 2322 1893 2373 1258.
1940 2318 2036 2365 He-

110 2372 228 2433 girae
249 2377 280 2421 6
288 2386 361 2434 57,
395 2374 652 2434 Martyrum
673 2386 786 2433 955.
826 2380 984 2422 Annos
1010 2378 1209 2439 Hegirae
1227 2376 1403 2424 lunares
1425 2379 1596 2426 reducit
1619 2379 1674 2426 ad
1692 2396 1832 2427 annos
1851 2378 2031 2435 solares.

107 2441 489 2491 HuicChronico
521 2440 741 2486 Orientali
761 2439 1010 2493 Historiam
1041 2441 1163 2493 suam
1196 2445 1252 2494 de
1282 2444 1415 2523 rebus
1441 2462 1486 2495 et
1518 2445 1800 2530 dogmatibus
1825 2448 2032 2500 Arabum

716 2526 719 2529 ’
1765 2533 1767 2536 ”
1970 2534 2031 2569 CX

173 2615 211 2646 ²⁸
235 2617 334 2661 Vide
355 2619 581 2661 Chronicon
606 2617 805 2659 Orientale
822 2633 911 2674 pag.
926 2624 1015 2670 118.
1037 2619 1113 2678 seq.
1144 2631 1182 2664 et
1197 2637 1237 2678 p.
1252 2633 1314 2677 59.
1345 2620 1409 2664 vbi
1428 2618 1701 2667 Melchitarum
1719 2635 1757 2667 et
1769 2627 2030 2672 Iacobitarum

109 2683 265 2725 quoque
285 2677 445 2716 mentio.
500 2674 709 2715 Melchitae
726 2674 801 2715 hoc
822 2675 1003 2729 est,Regii
1025 2688 1063 2719 et
1079 2680 1299 2733 Imperiales
1320 2679 1409 2718 diffl
1433 2681 1500 2732 qui
1518 2692 1661 2726 ,contra
1681 2682 1913 2724 Dioscorum
1935 2698 2030 2727 cum

107 2727 337 2780 Imperatore
353 2729 558 2770 senserunt.
589 2732 650 2769 De
669 2731 846 2770 Iacobitis
864 2732 1005 2786 iterum
1014 2748 1053 2787 p.
1069 2743 1159 2775 120.
1173 2733 1253 2787 sqq.
1285 2734 1562 2783 Melchitarum
1571 2738 1752 2785 meminit
1762 2739 1916 2786 etiams.
1931 2751 2025 2796 123·

162 2784 204 2815 ²2
232 2783 377 2830 Confer
394 2785 606 2834 Abrahami
624 2785 876 2834 Eccheuenszs
897 2786 995 2833 Hist.
1011 2789 1185 2835 Arabum
1201 2804 1241 2848 p.
1255 2801 1347 2847 197.
