2263 3027
217 113 312 166 552
700 83 1018 181 1(ΞΑ1>.ΧΙ.
1095 93 1188 147 DE
1257 90 1622 153 BAPTlsMO.

215 240 292 273 cos
310 222 536 271 adhibitos
561 170 646 270 esse
676 223 722 269 in
742 212 1076 269 lustrationibus
1095 235 1140 268 et
1168 221 1520 287 expiationibus,
1550 222 1595 268 in
1617 214 1780 286 primis
1803 216 2149 280 homicidarum,

214 289 537 352 naufragorum
560 304 603 337 et
623 288 954 356 insepultorum
976 287 1168 336 ostendit
1191 291 1305 337 Ioan.
1329 290 1476 356 Philip.
1503 287 1694 352 Caffelius
1715 287 1924 349 fingulari
1959 289 2148 338 differta-

213 362 338 406 tione
359 356 520 405 inserta
536 360 594 407 T.
610 374 654 407 2.
677 356 920 422 symbolar.
940 357 1123 404 litterar.
1147 355 1450 404 Bremenfium
1470 374 1513 422 p.
1543 373 1632 416 323
1656 355 1750 420 sqq.
1783 360 1857 402 -De
1881 351 2150 415 Sabaeorum

214 424 548 472 lustrationibus
571 429 876 488 Hottingerus
895 442 945 489 p.
967 433 1081 481 281.
1102 422 1328 472 Historiae
1339 424 1558 473 Oriental.
1593 428 1662 471 De
1673 421 2153 490 baptismisMuhame-

214 495 439 541 danorum
459 494 521 541 id.
545 511 588 558 p.
612 500 715 552 164,
736 494 840 555 176.
862 506 906 539 et
930 493 978 539 in
999 492 1208 539 Enne‘ade
1229 490 1320 539 diff.
1343 509 1385 556 p.
1409 508 1473 552 90
1495 489 1559 556 sq.

211 636 227 644 ..
349 583 412 626 Vt
431 579 484 626 ad
496 577 854 626 Christianorum
866 574 1139 643 Baptismum
1161 593 1452 631 reuertamur,
1474 592 1648 642 praeter
1668 573 1907 641 scriptores
1926 573 2153 624 sacrorum

216 645 476 695 officiorum
499 649 758 712 rituumque
785 665 818 695 c.
837 662 885 703 4.
911 647 1134 701 laudatos,
1158 645 1346 692 videndi
1369 649 1550 692 Seuerus
1574 646 1926 703 Alexandriam,
1949 643 2036 691 siue
2061 650 2151 692 An-

215 717 455 762 tiochenus
473 718 625 780 potius
649 718 705 763 de
723 713 880 762 ritibus
902 711 1124 779 baptismi,
1146 715 1323 776 Syriace
1348 729 1391 758 et
1410 714 1569 759 Latine
1594 718 1639 751 27
1658 713 1801 759 editus
1830 730 1852 757 a
1875 714 2060 758 (luidone
2079 715 2154 758 Fa-

213 781 351 830 bricio
371 783 620 830 Boderiano
646 789 884 848 Antwerp.
914 796 1052 846 1572,
1074 798 1120 838 4.
1163 785 1222 830 10.
1254 785 1433 829 Diacom'
1462 777 1646 845 epistola
1675 782 1793 844 apud
1829 779 2151 826 Mabillonium

213 854 353 900 Tom·
386 867 421 898 1.
442 849 583 897 musei
609 853 748 898 Italici
770 865 896 916 parte
922 867 964 899 2.
987 866 1031 914 p.
1046 852 1109 906 69
1122 846 1182 911 sq.
1220 847 1416 912 Epistola
1435 851 1601 894 Alcuini
1620 849 1752 894 etalia
1771 849 1982 894 Amalarii
1990 849 2151 894 Treui-

211 917 357 966 renfis‘
385 919 440 965 de
472 919 633 965 eodem
663 932 954 981 argumento:
993 915 1245 982 Theodulphi
1263 914 1590 962 Aurelianenfis
1619 915 1735 962 liber
1758 917 1801 949 28
1833 915 1889 963 de
1917 917 2089 962 ratione
2109 930 2152 961 et

214 986 378 1039 ordi-ne
401 987 571 1032 rituum
599 983 808 1050 baptismi
836 985 891 1031 ad
916 987 1136 1045 Magnum
1160 980 1486 1036 Senonenstm,
1505 999 1639 1046 quem
1663 1000 1686 1029 e
1708 983 1873 1029 Codice
1894 980 2153 1029 Corbeienfi

198 1061 316 1100 ‘ante
338 1054 632 1100 Sirmondum
657 1053 797 1100 edidit
818 1053 1028 1115 notisque
1047 1050 1282 1097 illustrauit
1309 1053 1547 1097 Menardns
1572 1051 1625 1096 ad
1647 1052 1863 1112 Gregorii
1885 1053 1950 1096 M.
1982 1050 2153 1097 librum

213 1118 592 1168 sacramentorum
618 1139 663 1185 p.
695 1133 787 1175 129
812 1117 872 1182 sq.
909 1121 1095 1169 Veteres
1125 1118 1307 1164 ordines
1338 1114 1651 1180 formulaeque
1672 1115 1881 1183 Baptismi
1902 1134 2008 1182 quas
2031 1117 2152 1164 exhi-

213 1187 291 1236 bet
312 1188 577 1235 Edmundus
599 1192 805 1234 Martene
825 1186 903 1236 lib.
931 1200 967 1232 1.
990 1186 1044 1230 de
1064 1186 1256 1248 antiquis
1276 1183 1491 1231 Ecclesiae
1511 1183 1671 1231 ritibus
1692 1201 1735 1248 p.
1759 1201 1774 1230 1
1788 1192 1847 1244 65¹
1870 1182 1959 1248 seq.
1994 1185 2150 1250 Magni

212 1257 451 1318 Senonenfis
469 1255 644 1302 libellus
669 1255 724 1301 de
746 1251 969 1316 Mysterio
992 1250 1218 1317 Baptismi,
1238 1251 1297 1297 id.
1322 1269 1366 1317 p.
1384 1268 1399 1299 1
1416 1258 1489 1310 58.
1518 1267 1560 1299 et
1579 1255 1789 1314 Anonymi
1806 1268 1903 1316 pag.
1918 1258 2023 1300 161.
2047 1269 2149 1299 cum

211 1325 393 1387 antiqua
411 1320 516 1369 fidei
537 1320 819 1387 profitendae
843 1317 1054 1367 formula.
1092 1322 1206 1367 Ordo
1230 1320 1437 1386 Baprzfim‘
1455 1316 1703 1368 secundum
1722 1316 1850 1365 vsum
1867 1320 2150 1384 Aethiopum

210 1392 354 1442 Tom.
377 1406 453 1453 27.
475 1390 587 1438 Bibl.
608 1394 790 1437 Patrum
814 1388 922 1441 edit,
943 1386 1088 1449 Lugd.
1115 1404 1157 1453 Ρ,
1180 1395 1290 1451 634.
1311 1405 1365 1434 ex
1387 1389 1585 1434 editione
1603 1384 2004 1434 MarianiViCiorii
2014 1389 2149 1434 Rom.

219 1473 360 1521 1552,
380 1476 425 1517 4.
446 1475 549 1505 cum
568 1459 662 1505 eius
684 1455 1038 1504 institutionibus
1063 1456 1240 1518 linguae
1259 1456 1550 1521 aethiopicae.
1607 1456 1754 1503 Caroli
1772 1457 1835 1505 M.
1860 1453 2043 1519 epistola
2071 1471 2150 1501 en·
2193 1500 2195 1503 Α

213 1526 381 1591 cyclica
401 1525 456 1573 de
476 1523 698 1592 baptismo
721 1526 905 1588 eiusque
928 1523 1088 1570 ritibus
1109 1524 1163 1570 ad
1183 1522 1488 1578 Odilbertum,
1511 1519 1899 1570 Mediolanensem
1914 1523 2150 1587 Archiepi-

210 1591 415 1658 scopum,
435 1609 479 1640 et
499 1593 728 1641 odilberti
748 1588 977 1657 responsio
1001 1591 1121 1655 apud
1140 1590 1581 1640 MabilloniumT.1.
1594 1587 1917 1639 Analeffcorum
1929 1607 2008 1655 p.7
2016 1605 2039 1648 5
2054 1587 2147 1654 sqq.

213 1662 317 1710 edit.
338 1678 494 1709 nouae.
531 1663 735 1707 Leidradi
754 1660 870 1706 liber
891 1659 945 1705 de
967 1656 1239 1706 sacramento
1259 1657 1470 1725 baptismi
1491 1660 1544 1718 ad
1567 1659 1780 1706 Carnium
1802 1661 1871 1704 M.
1901 1656 2148 1720 apud'eut'x-

213 1729 316 1774 dem
338 1728 578 1776 Mabillon.
599 1731 755 1775 Tomo
781 1742 822 1789 3.
846 1724 1188 1779 AnaleElorum,
1211 1743 1254 1791 p.
1274 1735 1351 1785 78.
1379 1741 1476 1772 tum
1496 1725 1692 1788 Epistola
1721 1724 1774 1769 ad
1794 1723 1985 1769 eundem
2011 1726 2146 1769 Caro-

210 1796 308 1841 lum
329 1796 382 1841 de
405 1795 567 1842 ritibus
585 1793 792 1861 baptismi
816 1811 858 1843 et
876 1792 1344 1842 abrenunciationibus
1368 1793 1415 1839 in
1435 1808 1487 1837 eo
1509 1790 1606 1837 fieri
1626 1787 1778 1844 solitis,
1803 1805 1898 1854 pag.
1927 1797 2000 1850 85.
2037 1787 2149 1852 leffit'

210 1860 302 1910 fiue
328 1860 451 1924 Teffei
471 1861 654 1927 epistola
675 1864 730 1910 de
753 1861 1032 1928 expositione
1056 1864 1225 1908 rituum
1256 1857 1470 1906 Ecclesiae
1498 1861 1545 1904 in
1578 1855 1816 1921 Baptismo,
1847 1861 1890 1903 P.
1919 1872 1993 1919 14.
2031 1856 2147 1904 Bibl,

210 1933 330 1978 Patr.
355 1930 457 1975 edit.
483 1930 629 1991 Lugd.
648 1946 692 1993 p.
707 1937 732 1975 6
754 1928 847 1993 sqq.
883 1929 1016 1976 Ioach.
1034 1927 1317 1975 Hildebrandi
1338 1927 1510 1974 Rituale
1532 1924 1739 1990 baptismi
1762 1925 1938 1972 veteris.
1951 1924 2146 1973 Helmst.

217 2001 422 2057 169924·
457 1998 585 2043 Ritus
596 1993 877 2060 baptismales
895 1994 1055 2043 saeculi
1075 1993 1255 2042 secundi
1278 1991 1484 2058 exposuit
1506 1998 1537 2042 Ι.
1555 1998 1599 2040 G.
1623 1993 1821 2040 Walchius
1840 1990 2049 2054 singulari
2062 1989 2144 2038 dis-

209 2062 448 2112 sertatione
477 2067 609 2113 Ienae
635 2077 771 2123 1749.
795 2063 924 2111 edita.
960 2063 1269 2109 caerimoniae
1298 2062 1541 2109 nonnullae
1574 2077 1616 2108 et
1646 2058 1870 2107 formulae
1890 2077 1914 2106 a
1935 2075 2144 2113 veterum

209 2129 553 2180 manumiffione
577 2132 630 2178 ad
652 2127 922 2196 baptismum
942 2130 1174 2176 translatae
1194 2129 1406 2176 videntur
1428 2133 1470 2177 C.
1483 2134 1530 2177 G.
1548 2130 1790 2177 Schwarzio
1810 2131 1859 2174 in
1884 2125 2143 2175 dissertatio-

211 2217 273 2250 ne
290 2201 412 2249 Altd.
443 2207 582 2262 1738.
607 2199 822 2262 euulgata,
843 2213 886 2245 et
902 2199 1117 2244 Edmnndo
1138 2199 1312 2244 Morillo
1337 2200 1415 2252 ΙΙΙ,
1438 2212 1479 2258 3.
1501 2195 1881 2259 obseruationum.

385 2309 618 2360 Infantum
639 2308 911 2377 baptismum
935 2328 1073 2359 nemo
1095 2312 1140 2357 in
1160 2309 1349 2358 Ecclesia
1368 2313 1414 2357 in
1438 2311 1626 2358 dubium
1656 2307 1830 2358 vocass‘e
1854 2307 2018 2369 legitur
2038 2322 2141 2358 ante

209 2386 265 2431 A.
293 2384 339 2430 C.
368 2400 385 2429 1
402 2397 510 2428 100.
545 2396 596 2427 vt
622 2380 794 2428 erudite
813 2379 1026 2445 probauit
1051 2379 1280 2426 wilhelmus
1314 2381 1415 2426 wall
1437 2381 1483 2426 in
1506 2379 1623 2426 libro
1646 2379 1836 2440 Anglice
1855 2376 1974 2423 edito
1989 2378 2139 2424 Lond.

214 2464 357 2513 1707,
375 2466 421 2515 4.
457 2446 718 2513 saepiusque
737 2448 902 2497 deinde
919 2443 1099 2495 recuso:
1117 2446 1187 2496 the
1206 2447 1381 2514 Hzstory
1405 2448 1607 2513 ofInsant
1627 2445 1820 2515 bapttfim
1840 2450 1886 2485 29
1918 2459 2057 2507 quem
2081 2462 2143 2492 ex.
2190 2468 2192 2471 v

2064 2529 2139 2562 an·

266 2639 303 2668 ²7
338 2638 466 2677 Latine
487 2636 636 2680 recusus
653 2640 702 2683 T.
723 2652 783 2693 14.
806 2640 900 2681 Bibl.
926 2641 1022 2689 Patr.
1041 2638 1168 2695 Lugd.
1192 2654 1230 2693 p.
1252 2645 1345 2694 278.

265 2691 305 2720 ²⁸
339 2694 396 2731 Ex
419 2693 614 2734 Sirmondi
633 2698 802 2737 editione
821 2697 938 2737 exstat
959 2698 1008 2737 T.
1026 2708 1087 2749 14.
1110 2697 1204 2736 Bibl.
1233 2698 1329 2738 Patr.
1350 2693 1474 2749 Lugd.
1496 2708 1535 2748 p.
1551 2703 1592 2746 9·

265 2751 305 2776 ²9
333 2747 437 2787 Galei
461 2747 651 2800 responsio
675 2753 723 2789 ad
745 2752 846 2793 hunc
873 2752 1013 2792 librum
1037 2763 1269 2792 memoratur
1289 2766 1317 2791 a
1333 2754 1438 2791 Ioan-
1458 2751 1605 2790 Clerico
1619 2747 1738 2787 Tom-
1758 2757 1822 2801 14.
1838 2742 1939 2786 Bibl.
1959 2753 2073 2789 veter,
2097 2755 2138 2789 ct

210 2815 333 2846 nouae
354 2817 391 2858 p.
406 2813 500 2848 200.
520 2813 558 2845 et
581 2817 601 2844 a
621 2805 827 2848 Schloffero
852 2808 892 2849 in
912 2806 1070 2861 praefat.
1089 2807 1137 2849 ad
1153 2810 1236 2853 P.1.
1255 2809 1321 2850 lat.
1340 2809 1496 2860 interpr.
1518 2813 1634 2859 μαι,
