2263 3027
197 85 299 139 852
601 68 752 123 CAP.
789 65 949 121 XVII.
1024 66 1272 128 FVCVS‚
1321 67 1738 122 COSMETICE.

206 198 475 260 mologicon
508 196 554 242 in
586 192 940 258 ἔψιμυθιῆσὲαι.
974 197 1173 260 ἐχρῶντο
1197 189 1241 246 δὲ
1271 197 1338 264 τῷ
1366 195 1498 259 φύκει
1528 199 1573 246 ἒς
1596 194 1664 246 τοὶ
1694 197 1824 257 μῆλα
1855 196 1926 247 ἵνα
1943 194 2140 264 ξανθίζη,

210 271 278 338 τῷ
298 263 340 317 ‹ls‘
361 263 568 329 ψιμυθίω
589 265 646 314 ἐίς
677 258 775 314 ἕλον
805 260 860 314 τέ
891 261 1148 330 vetio-comit,
1183 264 1254 315 ἵνα
1285 260 1495 327 λευκὲνῗὶ-
1566 264 1836 329 Apuleium,
1873 266 1951 328 qui
1971 259 2144 330 Apolo-

210 341 280 399 gia
300 351 396 399 pag.
425 345 534 392 525.
557 348 700 395 quum
726 333 774 377 in
803 331 970 396 puella,
1007 333 1176 396 inquit,
1214 332 1390 379 videret
1425 332 1764 379 immedicatum
1795 348 1873 385 os,
1911 347 1954 379 et
1979 343 2143 397 pur-pm-

208 420 321 452 ratas
343 397 477 464 genas
502 415 543 446 et
562 400 702 446 illices
735 400 904 445 oculos.
984 400 1111 446 Adde
1137 400 1320 447 Dauidis
1339 399 1589 447 Theodosii
1611 394 1868 447 Lehmanni
1898 398 2055 446 orbem
2079 402 2145 465 pi·
2216 436 2220 442 ,

209 471 348 528 Ecum,
377 468 465 515 fiue
484 464 578 513 diff.
600 469 655 514 de
676 467 886 529 gentibus
911 467 1296 531 pulchritudinem
1325 466 1634 522 affefilantibus
1655 485 1737 532 per
1761 465 1915 516 fucum
1940 482 1983 514 et
2001 467 2146 533 pietu-

207 557 325 595 ram,
364 535 544 584 Witteb.
575 551 658 594 171
679 554 712 583 1.
734 551 776 582 et
797 535 922 583 Guil.
945 536 1261 582 Rondeletium
1295 536 1350 582 de
1382 534 1494 582 fucis
1519 537 1663 598 Lugd.
1692 554 1707 580 1
1723 543 1833 598 583.
1857 544 1898 592 8.
1921 539 2145 601 Interpre-

207 625 273 655 tes
302 607 354 653 ad
383 602 528 651 Esaiae
553 606 629 649 111.
657 611 730 654 16-
800 598 914 649 Rob.
937 602 1192 650 Balforeum
1225 604 1278 650 ad
1300 590 1591 652 Cleomedeffl
1622 621 1721 669 pag.
1745 613 1843 653 260
1865 601 1925 667 sq.
1995 603 2145 651 Iacobi

204 675 398 725 Grandii
421 670 583 720 differt.
606 671 662 718 de
682 667 783 724 ΞΠ)
804 669 933 718 stibio
961 675 1174 739 κολλυρίῳ
1198 671 1376 735 eiusque
1405 688 1448 719 et
1477 674 1669 719 aliorum
1690 669 1902 719 fucorum
1924 668 2004 717 vsu
2027 672 2146 738 apud

205 746 416 807 antiquos
436 743 483 788 in
503 757 553 786 re
576 738 836 795 col'metica;
871 740 1020 786 decad.
1048 758 1088 786 2.
1110 736 1498 787 miscellaneorum
1522 742 1629 787 artis
1653 755 1832 786 naturae
1862 737 2146 790 curiosorum
2170 752 2195 757 “’

206 810 457 878 appendice
479 809 582 855 anni
610 817 637 858 6
663 806 762 873 post
795 824 894 872 pag.
919 815 974 863 81
1004 805 1095 872 sqq.
1151 814 1222 856 W.
1245 807 1419 855 Ernesti
1440 808 1650 859 Tenzelii
1669 807 1872 869 dialogos
1894 806 2144 857 menstruos

205 882 311 928 anni
343 886 479 938 1689.
500 894 598 941 pag.
621 891 716 934 497
742 872 835 939 sqq.
856 875 966 924 Bibl.
988 892 1130 938 graec.
1155 875 1246 921 vol.
1273 890 1348 926 12.
1378 893 1475 940 pag.
1503 885 1613 932 689.
1690 873 1963 925 Abulfedam
1985 877 2032 922 in
2053 877 2146 925 vita
2186 901 2192 909 ι

204 949 483 996 Mahometis
505 961 603 1008 pag.
632 958 735 1003 143.
813 946 935 990 Ioan.
959 942 1201 991 Christiani
1225 942 1422 990 Fischeri
1445 942 1767 990 dissertationes
1792 942 1917 991 binas
1940 945 1995 993 de
2017 959 2145 991 orna·
2234 943 2235 946 ’

200 1032 251 1062 tu
281 1008 538 1061 mulierum.
560 1010 744 1060 Witteb.
771 1025 912 1071 1709.
987 1016 1176 1058 Veteres
1218 1012 1401 1074 quidem
1435 1010 1643 1060 doffiores
1673 1010 1912 1061 Christiani
1943 1012 2150 1059 luxurio-

203 1081 294 1130 sam
318 1082 440 1128 illam
471 1097 518 1125 ac
546 1080 844 1125 meretriciam
880 1076 1145 1127 fucatoriam
1175 1076 1352 1143 semper
1383 1076 1484 1126 sunt
1514 1078 1731 1134 detestati,
1769 1094 1817 1125 vt
1847 1096 1967 1145 patet
1992 1097 2016 1128 e
2045 1080 2146 1130 Cle-
2218 1100 2223 1105 ·

203 1166 356 1200 mente
388 1148 513 1196 Alex.
537 1149 616 1192 ΙΙΙ.
648 1160 689 1205 3.
729 1146 1055 1209 paedagogiet
1088 1144 1311 1196 constitut.
1339 1145 1523 1210 apostol.
1554 1145 1631 1196 lib.
1660 1162 1699 1194 1.
1734 1163 1826 1211 cap.
1851 1162 1873 1206 3
1899 1163 1941 1194 et
1967 1157 2009 1202 8.
2060 1151 2146 1211 Cy-

203 1220 365 1285 priano
401 1218 457 1262 de
485 1213 639 1260 habitu
670 1215 928 1274 virginum,
969 1216 1262 1260 Nazianzeno
1297 1230 1403 1261 orat.
1443 1230 1510 1264 11.
1548 1231 1647 1279 pag.
1675 1221 1779 1269 181.
1811 1212 2005 1280 aliisque.
2074 1219 2144 1263 De

202 1287 413 1347 cofhzetice
433 1280 548 1328 sacra
569 1296 612 1327 et
634 1282 809 1327 ratione
829 1282 1018 1327 ornandi
1037 1317 1050 1340 ‚
1089 1282 1352 1336 mundandi,
1381 1283 1682 1346 comendique
1702 1279 1893 1331 feminas
1914 1280 2145 1346 Persarum

200 1356 255 1401 ad
277 1351 396 1399 Esth.
420 1352 472 1397 ΙΙ.
501 1364 571 1399 12.
595 1350 700 1396 vide
719 1352 888 1411 Georg.
912 1348 1052 1397 Wolf.
1077 1350 1271 1398 Wedelii
1295 1365 1463 1398 centur.
1485 1364 1528 1399 2.
1561 1351 1654 1400 dec.
1687 1364 1726 1403 ς.
1763 1367 1906 1398 exerc.
1941 1366 1985 1412 4.
2025 1366 2068 1396 et
2104 1365 2144 1410 ς.

201 1418 609 1484 medicophilolog.
678 1420 748 1463 De
777 1418 962 1479 cosinetis
998 1433 1041 1464 et
1068 1417 1357 1466 ornatricibus
1385 1419 1476 1466 viri
1504 1417 1627 1468 dosii
1670 1417 1723 1465 ad
1764 1419 2056 1479 quenalem,
2102 1434 2147 1469 et

198 1488 527 1538 Taubmannus
551 1487 604 1532 ad
635 1483 948 1532 mostellariam
970 1486 1112 1532 Plauti
1145 1485 1243 1533 Ast
1273 1504 1310 1536 ι.
1333 1483 1446 1536 scen.
1467 1504 1502 1544 3.
1568 1486 1732 1536 Ezech.
1761 1487 2058 1552 Spanhemius
2087 1487 2143 1537 ad

199 1556 460 1606 Callimach.
492 1572 591 1619 pag.
626 1568 734 1615 547.
783 1569 826 1600 et
861 1551 1138 1600 Christianus
1176 1556 1406 1605 Henricus
1453 1553 1666 1602 Postellus
1688 1555 1736 1603 in
1776 1555 1932 1605 callida
1965 1555 2145 1605 Iunone

195 1643 300 1692 pag.
328 1640 422 1685 209
447 1621 507 1687 sq.
578 1624 647 1668 De
668 1622 880 1668 remediis
901 1637 1107 1668 veterum
1129 1619 1376 1670 cosmeticis
1408 1639 1658 1687 eorumque
1681 1621 1812 1669 noxis
1837 1621 1972 1673 exstat
1995 1620 2168 1673 differ-.

199 1697 306 1740 tatio
330 1697 442 1742 Dan.
468 1691 608 1738 Wilh.
635 1690 838 1736 Trilleri.
863 1689 1048 1737 Witteb.
1081 1706 1289 1752 1757.14.
1360 1694 1432 1737 De
1466 1708 1594 1738 more
1614 1691 1766 1753 sjrma
1794 1691 1913 1753 vestis
1933 1690 2142 1736 trahendi
2212 1703 2232 1723 ⁵*

199 1762 274 1808 vel
303 1760 600 1825 portandum..
622 1755 817 1804 faciendi
860 1759 1068 1805 Claudius
1105 1757 1364 1806 Franciscus
1400 1760 1722 1805 Menetrierius
1756 1759 1804 1802 in
1840 1752 2141 1804 differtatio‘ne
2212 1783 2217 1790 ι

201 1829 357 1889 gallice
387 1828 501 1873 edita
542 1823 614 1872 sur
635 1822 792 1887 l’usage
828 1825 883 1872 de
913 1823 956 1873 se
985 1823 1096 1873 faire
1127 1842 1285 1890 porter
1313 1826 1353 1873 la
1390 1833 1549 1888 queue.
1582 1821 1713 1871 Paris.
1749 1838 1889 1884 1704.
1925 1839 1998 1873 12.
2070 1828 2144 1873 De

199 1900 411 1957 Gynaeceo
450 1899 665 1946 textrino,
708 1891 949 1952 vestiariis,
992 1890 1325 1957 vestispicibus‚
1373 1889 1597 1956 capsariis,
1647 1891 2018 1956 procuratoribus
2043 1895 2138 1956 Gy·
2195 1898 2218 1930 ὓ

197 1978 466 2011 naeceorum
492 1961 598 2005 vide
621 1963 899 2022 Bergierium
923 1960 999 2009 lib.
1019 1976 1065 2021 4.
1094 1961 1148 2006 de
1175 1961 1359 2024 imperii
1387 1961 1582 2007 Romani
1604 1961 1690 2006 viis
1717 1976 1808 2022 cap.
1839 1974 1915 2020 23.
1936 1974 2044 2007 tom.
2064 1975 2138 2009 10.

199 2035 366 2078 Graev.
405 2044 447 2075 et
477 2028 704 2073 Henninii
732 2042 856 2072 notas
887 2027 939 2072 ad
968 2028 1245 2088 Bergierium
1279 2043 1379 2090 pag.
1403 2034 1514 2088 766.
1583 2027 1743 2073 Matth.
1777 2028 2138 2075 Zimmermanni
2221 2069 2226 2083 ,

198 2095 391 2145 anale'e‘ta
412 2112 511 2160 pag.
544 2109 603 2155 59
624 2089 688 2156 sq.
758 2094 972 2140 Carolum
1003 2095 1280 2158 Stephanum
1304 2111 1346 2140 et
1378 2099 1427 2141 L.
1450 2092 1652 2158 Bayfium
1685 2095 1739 2141 de
1759 2112 1808 2140 re
1831 2093 2055 2149 vestiaria,
2094 2111 2140 2156 etv
2202 2113 2206 2118 ·

197 2166 465 2228 Pignorium
487 2177 617 2225 atque
635 2165 855 2224 Popmam
878 2162 933 2208 de
956 2159 1106 2208 seruis.
1176 2166 1245 2208 De
1276 2160 1490 2227 preſjbriis
1511 2179 1553 2210 et
1579 2164 1896 2210 reconditoriis
1926 2161 2139 2218 vestium.

196 2232 454 2281 salmasium
475 2231 527 2279 ad
547 2229 740 2276 Tertull.
763 2230 818 2276 de
838 2229 998 2294 pallio,
1035 2244 1077 2275 et
1099 2229 1320 2277 Valesium
1356 2231 1409 2277 ad
1438 2232 1731 2278 Ammianum
1765 2230 1839 2278 lib.
1861 2233 2067 2278 XXVIII.
2089 2247 2141 2294 4.>
2198 2232 2224 2289 ’μ

193 2320 297 2367 pag.
324 2315 430 2359 531.
497 2299 814 2361 Tiraquellum
848 2297 904 2361 de
934 2299 1031 2344 iure
1057 2297 1315 2345 connubiali
1342 2316 1439 2362 pag.
1470 2312 1549 2360 73.
1619 2303 1690 2345 De
1718 2299 1982 2345 meretriciis
2012 2298 2139 2345 vesti.

196 2370 279 2416 bus
302 2384 343 2415 et
373 2363 548 2413 diuerso
574 2366 695 2412 cultu
721 2380 1030 2412 matronarum
1055 2367 1144 2427 agit
1167 2363 1409 2413 Briffonius
1436 2366 1513 2415 lib.
1552 2382 1587 2414 ι.
1618 2367 1821 2430 antiquit.
1845 2367 1953 2412 iuris
1975 2383 2068 2431 cap.
2092 2382 2137 2425 4,
2171 2367 2197 2427 7³2

195 2437 330 2500 Apud
359 2436 516 2481 multas
539 2448 694 2495 gentes
723 2435 811 2480 rari
822 2434 1048 2495 sumeres,
1084 2431 1300 2497 liquidem
1331 2433 1472 2481 vestes
1497 2435 1735 2499 pleraeque
1756 2451 1780 2480 a
1800 2430 2030 2480 sororibus
2058 2433 2133 2481 vel
2188 2435 2200 2471 ἰ
2248 2453 2255 2511 j

196 2504 416 2550 txoribus
458 2518 529 2549 aut
566 2499 740 2547 filiabus
772 2499 1148 2558 ssconficiebantur.
1228 2501 1347 2549 Vide
1387 2504 1655 2567 interpretes
1692 2502 1745 2548 ad
1777 2498 1929 2551 Αίὶοτ.
1961 2504 2034 2547 ΙΧ.
2060 2515 2133 2561 39.
2191 2496 2207 2542 ’.
2250 2538 2252 2569 ἰ

197 2571 508 2619 Alexandrum
533 2568 586 2615 ab
614 2569 872 2616 Alexandro
894 2573 973 2616 IV.
997 2577 1038 2625 8.
1061 2584 1170 2616 tom.
1202 2589 1238 2616 1.
1272 2587 1372 2635 pag.
1394 2579 1489 2629 958
1515 2567 1577 2633 sq.
1596 2586 1639 2616 et
1659 2571 1722 2616 ibi
1745 2582 1896 2614 notam
1924 2571 1988 2617 Io.
2013 2572 2132 2615 Mer-

198 2639 303 2684 ceri.
370 2638 743 2700 Etymologicum
773 2633 985 2698 magnum
1008 2639 1055 2684 in
1078 2637 1267 2704 αἰκὲς-ξω.
1336 2636 1762 2686 Freinshemium-ad
1776 2636 1990 2683 Curtiill.
2012 2649 2131 2692 ς.2ο.·

197 2721 295 2753 tum
328 2706 623 2769 Stephanium
657 2706 712 2752 ad
743 2709 968 2756 Saxonem
995 2708 1370 2757 Grammaticum.
1439 2705 1694 2756 Alexander
1721 2719 1871 2752 tamen
1905 2703 2129 2755 Bandiera,
2258 2739 2259 2766 3

2238 2937 2260 3027 l
