2263 3027
470 62 881 122 RELlGlOSAE
929 74 932 75 ’
949 62 1613 119 PEREGR1NAT10NE8.
1743 107 1746 111 .
1903 71 1994 125 2581

70 192 308 258 Ingolstad.
328 183 467 248 1612ss
502 208 518 239 1
531 204 575 242 2.
596 205 640 239 et
657 189 819 238 Nicolai
832 189 1016 237 Sanderi
1034 188 1327 238 auctariolum
1348 189 1402 240 ad
1413 191 1636 240 Serarium
1647 170 1998 252 Gretserumque

52 265 126 310 'de
148 265 236 309 ritu
258 262 590 309 Catholicarum
607 254 954 325 processionum,
977 259 1093 321 Ipris
1122 269 1258 321 1640,
1280 265 1324 314 8,
1368 258 1632 326 Theophilum
1655 257 1933 321 Raynaudum
1953 258 1997 302 in

18 326 21 327 ⁷
69 331 346 378 heteroclitis
367 326 668 395 spiritualibus
723 359 731 371 .
751 337 840 384 323
866 321 963 389 sqq.
1000 327 1190 372 Iodocum
1213 328 1402 376 Coccium
1421 331 1558 375 Tom.
1573 342 1618 378 2.
1636 322 1830 374 thesauri
1850 325 1997 373 catho-

8 429 17 433 -
69 399 146 445 lici
170 398 245 444 lib.
265 414 304 459 3.
325 415 359 447 c.
378 412 422 459 7.
446 412 545 462 pag.
560 411 619 457 27
635 410 650 440 1
675 343 771 458 ἐς.
808 391 999 441 ,Iacobum
1018 395 1202 442 Eveillon
1223 394 1279 444 de
1299 393 1653 460 proceffionibus
1677 390 1996 445 Ecclefiasticis,

69 461 201 514 Paris.
232 473 369 529 1641,
393 472 435 520 8.
471 465 668 512 Ioannem
687 461 797 509 Faes
818 459 935 506 libro
959 461 1015 514 de
1036 463 1173 511 cereis
1192 460 1525 527 baptismalibus
1555 479 1657 530 pag.
1679 475 1776 524 250
1796 458 1883 524 seq.
1918 458 1998 507 vbi

67 531 292 595 sigillat-im
323 533 377 580 de
402 526 752 596 processionibus
774 529 1151 593 Neophytorurn,
1175 546 1218 576 et
1238 534 1349 579 Ioan.
1368 529 1545 600 Adolphi
1557 533 1823 579 Hartmanni
1849 525 1998 575 differ-

69 615 141 647 tat.
177 602 233 647 de
262 596 584 647 ambarualibus
614 593 971 644 Pontificiorum.
1003 600 1244 664 Marpurgi
1279 615 1427 658 1740,
1453 614 1499 659 4.
1557 601 1721 665 Neque
1751 596 1999 645 omittenda

68 668 293 730 Christiani
316 671 420 733 Lupi
438 662 678 713 dissertatio
701 663 756 710 de
776 660 905 710 sacris
925 664 1280 729 processionibus
1300 682 1409 730 quae
1441 684 1560 714 nona
1581 664 1642 714 est
1669 669 1787 713 inter
1807 662 1998 714 iunffim

70 736 207 782 editas
231 734 328 800 post
349 731 540 782 aufioris
568 728 656 779 fata
678 726 901 779 Bruxellis
929 737 981 781 A.
1008 737 1148 798 1690.
1191 734 1319 783 Adde
1342 736 1456 783 Eliae
1485 737 1542 781 du
1562 737 1643 782 Pin
1674 733 1999 780 Bibliothecam

67 801 468 850 Ecclefiasticorum
491 798 763 865 scriptorum
781 802 936 846 Tomo
957 815 973 847 1
987 808 1028 856 8.
1053 818 1151 866 pag.
1171 817 1223 863 13
1237 817 1260 863 ς
1275 799 1338 865 sq.
1367 818 1412 850 et
1429 801 1725 862 Procffonale
1748 798 1999 850 Ambrosia*

66 887 180 918 num
203 871 370 933 aliaque
389 869 588 933 Lipenio
613 872 660 915 in
681 866 790 914 Bibl.
816 868 1047 930 Theolog.
1072 884 1340 923 memorata,
1371 885 1503 933 atque
1530 868 1822 934 Euchologium
1851 868 2000 915 Iacobi

68 939 211 986 Goari
231 954 275 1002 p.
301 953 414 997 770.
437 951 480 983 et
502 935 752 984 (sisbertum
776 937 969 982 Voetium
1001 941 1157 984 Tomo
1188 953 1227 998 3.
1255 934 1365 1003 disp.
1386 935 1532 989 selest.
1563 953 1661 1000 pag.
1686 945 1784 999 960
1808 933 1896 999 seq.
1931 940 2001 984 De

66 1006 202 1051 variis
220 1002 553 1069 processionum
572 1001 811 1067 generibus
836 1006 1073 1051 Menardus
1091 1005 1146 1053 ad
1158 1002 1547 1053 sacramentarium
1559 1005 1776 1068 Gregorii
1787 1006 1898 1069 M.p.
1912 1019 1924 1049 1
1939 1017 2001 1064 77

64 1069 160 1137 seq..
179 1086 223 1118 et
247 1073 344 1121 Mr.
365 1076 502 1119 Vatar
524 1071 600 1118 des
618 1068 894 1136 -proceffions
914 1072 971 1120 de
994 1071 1191 1135 l'Eglil'e‚
1215 1074 1271 1123 de
1291 1074 1410 1121 leurs
1432 1074 1718 1137 Antiquitez,
1742 1071 1937 1126 utilit-ez,
1961 1083 2002 1115 et

66 1140 144 1188 des
162 1141 379 1187 manieres
399 1140 474 1202 d’y
498 1139 606 1188 bien
625 1136 801 1187 affister.
827 1137 955 1201 Paris.
976 1151 1173 1200 1705,.8.
1210 1144 1500 1190 Recentiores
1523 1143 1634 1191 ritus
1654 1137 1868 1190 Ecclesiae
1892 1141 1938 1187 R.
1955 1140 2003 1188 in

64 1205 418 1275 proceffionibus
437 1205 568 1254 sacris
587 1208 758 1270 recepti
778 1223 1071 1271 exponuntur
1089 1210 1136 1256 in
1159 1210 1327 1258 Rituali
1346 1212 1553 1257 Romano
1574 1225 1618 1276 p.
1635 1225 1724 1270 305
1752 1204 1848 1273 sqq.

199 1277 333 1320 XXX.
402 1277 473 1320 De
493 1273 934 1337 peregrinationibus
961 1275 1178 1337 religiofis
1199 1274 1573 1341 Hierosolymam
1603 1275 1888 1342 temporibus
1908 1289 2004 1320 non

67 1337 349 1404 sequioribus
370 1339 525 1395 modu,
545 1354 596 1384 vt
614 1356 668 1388 ex
691 1337 850 1385 Glabri
867 1340 1186 1404 RadulphssV,
1212 1349 1255 1395 6.
1291 1344 1519 1391 Antonius
1538 1344 1643 1404 Pagi
1663 1343 1718 1389 a'd
1737 1348 1787 1392 A.
1799 1345 1847 1388 C.
1861 1356 1917 1388 10
1924 1356 1947 1404 3
1960 1355 2012 1403 5.>

70 1424 196 1456 num.
225 1425 264 1467 5.
288 1405 364 1454 sed
390 1409 477 1454 iam
509 1406 619 1453 olim
649 1403 855 1470 susceptis
885 1405 1081 1471 Epistola¹
1111 1408 1298 1457 celebris
1325 1413 1528 1475 Gregorii
1559 1407 1725 1473 Nyffem'
1758 1413 1930 1457 Graece
1962 1423 2006 1457 et

67 1477 229 1523 Latine
247 1475 426 1537 vulgata
445 1472 506 1521 est
523 1491 547 1521 a
567 1477 698 1521 Petro
722 1473 950 1530 Molinactv,
970 1477 1052 1541 qui
1075 1490 1201 1524 notas
1223 1492 1267 1523 et
1288 1476 1491 1524 libellum
1515 1478 1759 1543 proprium
1781 1483 1824 1519 55
1849 1476 2006 1526 dehoc

67 1557 336 1604 argumento
356 1539 606 1596 subiunxit,
638 1557 723 1604 qua
748 1543 1133 1606 peregrinationes
1162 1545 1387 1594 eiusmodi
1411 1561 1571 1608 parurn
1606 1542 1753 1591 facere
1774 1544 1828 1594 ad
1851 1560 2008 1591 veram

66 1612 281 1675 pietatem
303 1611 489 1659 notauit.
513 1611 695 1658 Hanov.
725 1617 868 1668 1607,
893 1615 939 1667 8.
993 1609 1160 1660 Eadem
1181 1608 1378 1674 Nyss‘e‘ni
1399 1610 1596 1676 Epistola
1630 1612 1802 1661 Gallice
1829 1611 2008 1672 vulgata

58 1695 92 1725 ra
110 1676 213 1725 Rob.
233 1677 441 1745 Stephano
460 1669 662 1725 iuniore:
691 1673 767 1726 sed
786 1691 829 1724 et
850 1693 953 1722 cum
973 1676 1194 1726 Molinaei
1218 1678 1422 1731 ,editione
1440 1676 1744 1730 conferendae.
1769 1674 1928 1727 Variae
1948 1679 2008 1728 le·

68 1742 239 1794 stiones
259 1761 366 1808 quas
386 1761 410 1792 e
429 1746 526 1790 MS.
550 1739 758 1791 Caesareo
778 1743 1025 1810 publicauit
1043 1744 1284 1795 Lambecius
1306 1746 1424 1796 libro
1452 1764 1490 1808 ς.
1523 1765 1623 1812 pag.
1653 1755 1678 1803 8
1692 1767 1710 1795 1
1738 1744 1798 1813 sq.
1838 1750 2009 1796 Ioannes

70 1828 254 1876 quoque
284 1815 498 1861 Henricus
527 1813 820 1877 Heideggerus
846 1808 951 1859 suae
977 1811 1031 1860 de
1064 1813 1506 1878 peregrinationi-bus
1534 1813 1753 1877 religiofis
1794 1814 2011 1863 diatribae

71 1876 269 1941 Nyffeni
286 1878 532 1942 Epistolam
551 1893 594 1927 et
615 1895 702 1943 pro
727 1896 776 1927 ea
798 1880 1074 1944 Apologiam
1099 1879 1350 1936 subiunxit,
1379 1884 1548 1944 Tiguri
1578 1891 1720 1944 1670,
1742 1892 1782 1939 8.
1826 1884 1944 1932 Vide
1967 1897 2011 1929 et

74 1945 208 2009 Isaaci
227 1944 451 2008 Casaubom‘
472 1962 598 1995 notas
628 1947 683 1994 ad
716 1947 919 2000 eiusdem
946 1947 1142 2011 Nysseni
1162 1948 1409 2015 Epistolam
1437 1951 1620 2003 alteram
1647 1952 1702 2001 ad
1728 1949 2010 2000 Eustathium

74 2031 121 2080 p.
136 2022 212 2067 60,
231 2016 294 2073 89'
315 2027 454 2070 et9o.
491 2029 534 2060 et
553 2014 665 2063 loan.
689 2017 930 2081 mearckii
948 2014 1041 2064 diff.
1071 2017 1127 2064 de
1181 2019 1587 2080 eregrinationibus
1609 2017 1839 2082 religiosis.
1861 2022 1901 2064 V
1905 2015 2010 2082 psal.

68 2095 226 2151 1704.
261 2083 330 2125 De
352 2078 499 2126 cauffis
518 2083 680 2146 petitae
700 2080 1054 2147 ,Hierosolymae
1076 2035 1244 2135 disistit
1262 2090 1417 2136 Petrus
1438 2083 1752 2149 Weffelingius
1774 2088 1819 2133 in
1842 2083 2011 2152 praefa-

75 2150 202 2197 tione
220 2146 275 2194 ad
294 2148 576 2195 Itinerarium
597 2165 725 2197 vetus
747 2149 1096 2216 Hierosolymit.
1120 2171 1163 2219 p.
1181 2170 1277 2218 540
1289 2152 1382 2218 sqq.
1419 2155 1574 2203 Hodie
1597 2152 1713 2202 sacra
1729 2155 1826 2201 loca
1844 2156 2007 2201 Hiero-

75 2212 264 2280 solymis
283 2212 493 2263 inuisenti
512 2211 975 2285 sumtusjthalerorum
999 2218 1275 2286 septuaginta
1297 2219 1493 2270 faciendi
1514 2219 1627 2276 sunt,
1649 2238 1699 2268 vt
1720 2219 1855 2268 disces
1878 2239 1930 2269 ex
1943 2223 2009 2266 10.

75 2287 231 2333 Franc.
253 2283 450 2330 Gemelli
469 2285 648 2330 Carreri
669 2285 828 2334 itinere
846 2290 903 2335 T.
923 2307 952 2336 1.
973 2306 1016 2353 p.
1045 2297 1149 2344 181.
1186 2292 1256 2335 De
1287 2289 1730 2351 Peregrinationibus
1760 2289 1929 2347 uotiuis
1962 2304 2009 2337 ac

79 2349 295 2414 religiosis
319 2351 372 2398 ad
390 2348 590 2415 sepulcra
614 2354 871 2417 Martyrum
892 2372 1003 2419 quae
1024 2357 1439 2421 opusfhcramentale
1458 2358 1671 2406 dicuntur
1690 2358 1824 2405 Lucae
1840 2354 2014 2417 Tudety'i

69 2421 138 2473 11,
157 2434 374 2472 2.--contra
393 2415 700 2480 Albingenses,
724 2423 879 2469 Tomo
901 2437 981 2482 25-
1002 2423 1215 2473 Biblioth.
1237 2428 1414 2474 Parrum
1438 2442 1537 2491 pag.
1552 2438 1662 2481 215.
1695 2437 1833 2485 agunt
1851 2418 2011 2470 Bellar-

68 2491 216 2537 ³minus
237 2489 316 2540 ΙΙΙ,
333 2495 382 2543 ,8.
402 2486 458 2534 de
479 2486 755 2535 beatitudine
774 2504 817 2535 et
836 2491 957 2539 cultu
978 2491 1257 2546 Sanfilmrum,
1280 2493 1511 2541 Stanislaus
1524 2492 1670 2553 Hostus
1680 2494 1870 2541 Toum·
1889 2494 2010 2554 Ope-

63 2569 184 2601 rum
204 2571 247 2622 p.
263 2564 353 2616 348
370 2552 460 2622 seq.
494 2558 651 2605 Fronto
672 2559 866 2606 Ducaem
884 2559 938 2608 ad
962 2558 1337 2627 Chrysostomum
1360 2564 1516 2609 Tomo
1543 2577 1581 2605 1.
1607 2575 1707 2624 pag.
1730 2565 1774 2609 6.
1807 2558 2012 2608 Baluzt'us

194 2643 197 2645 ’
1154 2651 1163 2658 κ
1613 2626 1616 2627 ’
1955 2626 2011 2672 ad

151 2716 188 2746 ⁵⁵
222 2714 406 2760 Molli-mei
423 2717 534 2758 *iiber
564 2717 714 2759 recusus
730 2717 782 2760 est
808 2717 851 2762 in
880 2719 989 2764 theca
1016 2720 1177 2768 sccunda
1203 2720 1460 2764 Bibliothecae
1489 2719 1674 2764 librorum
1694 2720 1879 2763 rariorum
1901 2721 2011 2761 Bure.
2070 2712 2077 2714 s

83 2768 215 2811 Gotth.
232 2771 386 2816 Struuii.
417 2775 524 2815 lenae
541 2786 660 2829 1719,
679 2787 721 2828 4.
1191 2806 1208 2810 .,
1225 2833 1254 2882 d
1288 2833 1316 2882 d
1334 2832 1362 2882 d

1160 2837 1203 2881 D
