2263 3027
266 132 363 182 700
494 109 501 113 “
921 115 1071 171 CAP.
1106 118 1246 172 XIV.
1288 118 1300 121 “
1315 118 1533 173 REGES

255 243 417 290 Vener.
448 247 586 302 1584.
607 238 688 289 fol.
707 254 834 291 tomo
858 243 894 293 Ι.
964 246 1171 311 Georgius
1203 247 1485 316 Vauchopius‚
1521 246 1700 303 Scotus,
1735 247 1869 296 Rom.
1907 214 2047 312 1-595‘.
2077 238 2200 303 recu4

254 306 324 356 sus
345 311 390 355 in
413 312 533 356 Petri
553 311 765 357 Scriuerii
785 310 960 375 republ.
980 315 1203 369 Romana,
1241 331 1285 362 et
1309 320 1368 363 T.
1391 319 1469 362 Ill.
1496 312 1718 365 Thesauri
1739 316 2066 381 Sallengriani:
2112 324 2196 368 Sci-

247 382 320 443 pio
349 377 525 424 Gentilis
551 378 598 425 in
621 377 738 425 libro
770 378 825 427 de
851 381 949 427 iure
978 380 1161 445 publico
1191 384 1354 448 populi
1378 385 1594 437 Romani,
1633 381 1830 432 Altdorf.
1859 394 1998 437 1662.
2029 384 2121 434 diff.
2152 402 2194 438 ι..

254 443 310 491 de
362 461 452 509 quo
501 444 621 493 libro
677 446 794 496 vide*
831 445 883 494 fis
929 447 1097 499 Clariff.
1138 453 1307 498 Struuii
1364 451 1689 498 Bibliothecam
1728 454 1953 516 antiquam
1991 468 2118 501 tomo
2156 469 2201 503 Ι.

250 528 354 577 pag.
379 528 491 572 405.
560 515 802 576 Francifcus
833 517 1125 565 Hotomanmts
1157 534 1283 565 tomo
1314 521 1447 566 tertio
1479 536 1671 584 operum
1708 536 1750 567 et
1779 536 1889 567 tom.
1925 538 1965 569 2.
2002 519 2197 570 thesauri

252 582 520 628 Graeuiani:
563 586 777 629 Guarinus
795 583 889 644 pist>
920 583 974 632 de
1004 588 1316 634 Romanorum
1341 602 1384 633 et
1408 590 1691 634 Venetorum
1718 587 2054 650 magistratuum
2078 592 2195 637 inter
2247 635 2258 641 ,

251 644 297 695 se
319 650 667 712 comparatione.
690 653 857 697 Patauii
886 650 934 712 1'5
947 655 976 698 6
981 667 1023 715 3.
1051 670 1093 711 4.
1114 670 1156 701 et
1177 653 1350 719 Lipsiae
1381 659 1520 713 1669.
1546 664 1589 711 8.
1658 658 1827 720 Augusti
1849 657 2069 723 Campiani
2088 657 2196 704 libri

253 715 344 762 duo
369 717 425 763 de
455 714 606 764 officio
629 731 673 766 et
694 717 909 783 potestate
939 720 1272 783 magistratuum
1298 725 1609 769 Romanorum
1635 739 1677 770 et
1706 722 2027 772 iurisdistione.
2051 728 2197 772 Gen&

250 800 334 830 uae
365 797 505 846 1725.
528 801 576 848 4.
646 786 895 833 Bernhardi
915 790 1159 836 Oricellarii
1180 792 1529 844 commentarius
1550 791 1604 837 de
1631 790 1955 853 magistratibus
1971 785 2198 838 Romano-

249 868 354 898 rum
392 866 600 900 veterum
634 869 689 900 ex
723 853 841 901 libro
870 852 1023 920 Mspto
1046 857 1311 904 Florentino
1342 858 1487 905 editus
1515 877 1538 905 a
1569 863 1622 906 V.
1644 862 1692 905 C.
1716 863 1835 906 Ioan.
1863 862 1967 906 Ern.
2004 864 2194 907 Imman-

247 918 481 977 Walchio,
517 917 638 984 Lips.
665 935 804 982 1752.
823 938 867 984 4.
889 939 940 970 vt
961 920 1198 989 scriptores
1219 928 1444 988 generales
1474 928 1788 990 antiquitatum
1813 926 2084 991 reipublicae
2105 930 2192 975 Ro-

247 1001 406 1034 manae
429 1002 783 1051 praetereamus,
820 992 1045 1055 Onusrium
1079 996 1332 1040 Pamu‘nium
1355 1010 1463 1039 tom.
1493 1010 1528 1040 1.
1562 996 1770 1048 Graeufi,
1814 997 2093 1059 Wofflgangum
2120 997 2196 1041 La-

247 1059 388 1109 zium,
415 1054 641 1117 aliosque:
688 1073 771 1103 nec
793 1073 886 1103 non
907 1058 1112 1105 libellum
1136 1077 1188 1106 ex
1220 1061 1322 1121 Iusti
1343 1062 1464 1126 Lipfii
1484 1058 1659 1123 scriptis
1683 1061 1737 1107 de
1760 1061 2084 1123 magistratibus
2104 1064 2193 1108 Ro-

246 1121 678 1186 manis‘colleE’tum,
715 1125 794 1186 qui
821 1125 870 1169 in
887 1128 1081 1172 Antonii
1104 1126 1266 1189 Thysii
1298 1130 1441 1172 Roma
1475 1127 1707 1183 illustrata,
1745 1131 1864 1174 Petri
1887 1132 2097 1177 Scriuerii
2126 1145 2194 1177 re-

243 1188 427 1256 publica
447 1192 673 1246 Romana,
709 1204 753 1239 et
773 1190 1011 1256 Claufingii
1031 1194 1130 1241 iure
1146 1192 1332 1260 publico
1353 1197 1485 1241 Rom.
1506 1194 1608 1260 plus
1628 1192 1764 1242 semel
1782 1196 1968 1262 prodiit.

383 1328 437 1373 X.
456 1327 618 1393 Regum
650 1310 933 1377 Albanorum
965 1343 1009 1377 et
1035 1331 1345 1379 Aeneadarum
1375 1329 1636 1395 Dynastiam
1670 1345 1712 1379 et
1742 1327 2192 1378 succeffionem'arite

242 1393 518 1453 Romulum,
554 1392 741 1443 illustrat
761 1399 947 1445 Carolus
967 1401 1189 1464 Neapolis
1218 1400 1274 1445 ad
1297 1400 1458 1446 Ouidii
1477 1395 1610 1446 fastos
1643 1417 1742 1465 pag.
1771 1412 1875 1459 159.
1905 1412 1947 1445 et
1968 1398 2191 1445 Theodo-

243 1476 319 1508 rus
341 1464 571 1527 Rycquius
594 1463 649 1510 de
678 1464 875 1512 aduentu
899 1470 1074 1515 Aeneae
1105 1470 1153 1515 in
1187 1467 1359 1514 Italiam
1392 1484 1490 1532 pag.
1513 1485 1626 1530 453.
1704 1473 1742 1514 A
1765 1466 1945 1529 regibus
1975 1467 2188 1513 Romanis

241 1532 564 1593 prouocationi
585 1531 736 1579 locum
760 1529 889 1580 fuiffe
915 1535 967 1581 ad
987 1537 1235 1601 populum,
1274 1536 1457 1591 Cicero,
1494 1538 1650 1583 Liuius
1671 1534 1749 1585 lib.
1782 1550 1818 1582 1.
1841 1532 1933 1599 cap.
1956 1538 2034 1583 26.
2056 1549 2098 1580 et
2120 1537 2193 1581 Se·
2240 1549 2248 1554 ²

242 1613 352 1644 neca
368 1597 505 1663 Epist.
535 1606 642 1655 108.
666 1599 868 1648 dubitare
888 1619 971 1649 nos
992 1620 1087 1650 non
1110 1601 1277 1659 sinunt,
1315 1604 1419 1650 licet
1446 1605 1534 1650 hoc
1565 1618 1697 1666 neget
1717 1604 1867 1666 Scipio
1903 1602 2097 1653 Gentilis
2135 1601 2189 1648 li-

241 1661 328 1710 bro
353 1666 441 1712 iam
465 1665 666 1724 laudato,
703 1665 798 1714 diff.
826 1684 864 1716 1·
888 1673 921 1728 §.
954 1685 992 1732 3.
1023 1687 1065 1718 et
1086 1674 1206 1718 Ioan.
1234 1674 1463 1719 Henricus
1483 1672 1719 1721 Boeclerus
1748 1671 1803 1717 de
1834 1673 1976 1716 Roma
1998 1666 2076 1714 sub
2100 1665 2190 1715 VII

241 1731 424 1792 regibus
444 1737 781 1793 Romanorum,
812 1750 923 1783 tom·
945 1752 993 1791 20
1027 1737 1122 1785 diff.
1153 1756 1253 1803 pag.
1276 1753 1392 1802 494.
1462 1743 1532 1785 De
1560 1737 1730 1784 senatus
1761 1734 2022 1782 au&01·itate
2053 1735 2188 1781 etiam

243 1794 322 1844 sub
343 1798 524 1860 regibus
548 1802 654 1849 vide
675 1819 784 1866 quae
806 1806 895 1852 viri
924 1805 1047 1854 doffi
1067 1805 1348 1871 disputarunt
1368 1804 1424 1850 ad
1444 1806 1675 1850 Ciceronis
1700 1817 1807 1849 orat.
1835 1803 1883 1848 in
1906 1805 1954 1847 L.
1977 1798 2186 1849 Pisonem

243 1882 339 1929 CflP·
370 1881 443 1918 10.
471 1871 529 1915 Τ.
557 1873 610 1915 V.
633 1870 736 1918 edit.
760 1875 947 1919 Graeuii
968 1892 1015 1938 p.
1040 1884 1152 1935 643.
1221 1872 1294 1919 Ad
1314 1871 1519 1935 politicas
1544 1872 1736 1916 rationes
1757 1873 1986 1915 Romanae
2007 1866 2085 1913 sub
2117 1885 2186 1916 re·

241 1933 373 1994 gibus
394 1930 606 1982 infantiae
627 1937 940 1999 intelligendas
961 1939 1132 1987 faciunt
1155 1956 1336 2002 quoque
1355 1939 1565 2001 inprimis
1590 1942 1680 1984 Nic.
1694 1936 1976 1983 Machiauelli
2003 1935 2108 1981 libri
2143 1951 2184 1996 3.

242 1998 599 2047 dissertationum
619 2002 673 2048 ad
697 2003 864 2050 librum
886 2008 1090 2069 primum
1109 2010 1166 2053 T.
1192 2005 1328 2060 Liuii,
1358 2006 1505 2051 Italica
1526 2007 1725 2069 primum
1750 2005 1904 2065 lingua
1925 2002 1976 2049 ab
2003 2002 2185 2051 ausiore

240 2064 444 2132 scriptae,
482 2084 525 2115 et
545 2068 705 2117 deinde
740 2070 789 2116 in
810 2075 966 2119 Latina
996 2076 1128 2119 etiam
1155 2072 1415 2136 Gallicaque
1435 2073 1586 2134 lingua
1602 2070 1773 2136 saepius
1794 2073 1948 2118 editae.
2017 2074 2187 2119 Ioannis

242 2132 446 2197 Schrfferi
467 2139 677 2198 Regnum
701 2139 956 2186 Romanum
977 2173 987 2193 ‚
1023 2139 1112 2187 fiue
1139 2141 1491 2186 Exercitationes
1519 2157 1561 2200 7.
1585 2141 1796 2204 politicae
1818 2139 1872 2185 ad
1893 2139 2013 2185 Liuii
2032 2139 2108 2185 lib.
2141 2157 2180 2186 1.

239 2201 662 2267 Vpsaliae1665-4.
715 2204 912 2271 Casparis
931 2211 1045 2253 Facis·
1057 2207 1240 2254 Politica
1253 2209 1450 2254 Liuiana.
1474 2207 1744 2270 Altcnburgi
1772 2216 1909 2268 1617.
1931 2220 1975 2265 4.
2033 2209 2182 2253 Marci

239 2273 376 2320 Zueri
398 2272 635 2319 Boxhornii
655 2268 977 2320 dissertationes
1005 2279 1123 2322 XVI.
1148 2275 1202 2321 de
1222 2277 1421 2339 Imperio
1450 2279 1757 2322 Romanorum
1786 2292 1885 2322 cum
1910 2270 2181 2320 obseruatio-

241 2338 374 2387 nibus
407 2342 528 2384 Ioan.
552 2339 816 2387 Schmidelii
850 2341 990 2389 editae
1019 2346 1150 2389 lenae
1180 2348 1318 2403 1664.
1347 2357 1415 2393 12.
1448 2359 1491 2390 et
1525 2347 1709 2390 Henrici
1741 2339 1955 2390 Benedic‘li
1982 2342 2182 2388 Richteri

241 2409 328 2453 Res
353 2411 554 2454 Romana
575 2408 816 2471 exemplar.
840 2408 1014 2473 Lipfiae
1040 2423 1178 2470 1747.
1200 2427 1242 2467 4.
1310 2412 1521 2459 Rationes
1542 2410 1802 2478 Reipublicae
1821 2412 2033 2456 Romanae
2057 2425 2179 2455 com-

241 2474 410 2539 pendio
441 2472 695 2538 perspicere
725 2476 828 2522 licet
860 2493 913 2522 ex
945 2476 1064 2523 libro
1095 2475 1264 2541 saepius
1291 2477 1473 2537 recuso,
1507 2493 1550 2526 et
1571 2477 1794 2525 tironibus
1823 2476 2032 2538 inprimis
2055 2493 2179 2523 com-

243 2543 499 2588 mendando
527 2545 653 2589 Petri
682 2542 836 2609 Iofi’phi
875 2546 1075 2597 Cantelii,
1112 2548 1151 2591 S.
1186 2548 1216 2590 I.
1237 2545 1424 2594 Seleffls
1457 2546 1732 2610 quaestiones
1765 2545 1820 2590 de
1845 2546 2043 2589 Romana
2063 2547 2178 2608 Rep.

244 2609 590 2667 magistratibus,
637 2610 810 2672 legibus
847 2625 891 2658 et
919 2613 1095 2659 iudiciis
1128 2615 1342 2662 Romanis
1375 2615 1610 2663 illustrauit
1642 2614 1933 2665 M.·Antonius
1952 2614 2181 2660 Ferratius

243 2673 370 2723 libris
396 2674 538 2723 tribus
556 2677 882 2742 Epistularum,
912 2681 1105 2746 vulgatis
1125 2683 1290 2731 Patauii
1318 2691 1456 2745 1699.
1487 2691 1531 2740 3.

2057 2748 2175 2794 Con·
2203 2778 2206 2779 γ
