2263 3027
527 62 1543 125 CHRISTIANORVM.
1830 29 2004 131 '459

80 197 266 250 Iacobus
285 197 540 246 ‘Koelma‘nn
560 187 717 246 omnes
739 209 916 262 praeter
926 187 1208 241 dominicum
1223 195 1316 242 dies
1336 190 1471 242 festos
1492 182 1737 242 abolendos
1757 186 1840 238 esse
1859 187 2006 254 dispu-

43 261 50 268 ’
78 283 140 317 tat
161 267 278 315 libro
313 268 368 314 de
394 264 515 315 festis
537 265 693 314 diebus
725 267 773 310 in
795 260 1065 310 Reformatis
1089 262 1277 310 ecclesiis
1302 261 1516 309 celebrari
1537 258 1692 307 solitis.
1725 254 1926 305 Traieffl
1944 258 2008 303 ad

76 338 291 384 Rhenum
319 338 373 382 ¹6
377 346 462 400 93,
487 352 530 393 4.
565 330 802 380 Missarum
823 328 1160 377 multitudinem
1182 332 1414 378 imminuit
1438 329 1696 377 Concilium
1717 322 2008 374 Lateranensc

54 441 58 448 .
77 400 419 453 subBenediE’to
440 405 557 449 XIII.
578 406 634 448 A.
655 402 703 446 C.
733 415 748 446 1
763 412 872 461 725.
887 400 980 444 Tit.
1002 413 1072 458 13.
1093 416 1184 463 cap.
1200 407 1246 456 8.

216 484 354 532 XVI.
420 481 542 531 Festa
562 483 806 528 Domi-nica
827 477 854 526 s.
877 477 1168 527 sollemniora
1187 478 1400 527 Ecclesiae
1419 483 1614 528 Graecae
1637 478 1745 526 haec
1758 492 2009 524 memoram

78 566 153 600 tur
173 571 196 600 a
217 555 352 600 Leone
371 552 521 599 Allatio
543 567 643 614 pag.
665 568 677 599 ι
696 566 735 611 3.
759 551 816 596 de
840 547 966 596 libris
986 546 1289 594 Ecclesiasticis
1311 552 1614 596 Graecorum:
1640 546 1942 606 Annunciatio
1964 547 2011 592 Β.

78 622 299 682 Virginis,
321 617 481 665 Christi
503 619 731 671 nativitas,
753 613 1000 682 Baptismus
1023 614 1203 670 Christi,
1240 614 1569 678 transfiguratio
1595 615 1641 660 in
1662 628 1818 660 monte
1839 611 2009 667 Tabor,

77 685 360 735 Resurrefflo
389 686 564 739 Lazari,
598 683 761 732 festum
791 685 1066 737 Palmarum,
1103 685 1303 745 Lignum
1328 685 1504 738 Crucis,
1525 678 1810 729 Resurrefi'tio
1833 676 2011 731 Christi,

6 816 8 819 ι
78 753 283 803 Ascenfio
308 751 488 810 Christi,
508 767 558 809 et,
572 754 763 817 Spiritus
785 751 932 800 Sanssi
951 753 998 797 in
1023 751 1265 815 Apostolos
1295 748 1464 798 effusio,
1531 751 1655 796 Huic
1678 748 1874 811 denique
1901 745 2014 793 Alla-

78 824 166 870 tius
188 822 399 881 adiungit,
434 822 655 885 Deiparae
678 818 1004 873 assumtionem,
1029 819 1240 882 additque
1261 836 1356 864 eam
1371 853 1381 872 ,
1416 818 1519 864 licet
1548 833 1641 863 non
1663 814 2014 879 semper'locum

66 893 197 962 *inter
218 886 323 940 festa
339 889 458 953 apud
481 891 678 937 Graecos
699 892 742 928 23
769 885 986 943 habuerit,
1009 887 1147 934 modo
1172 902 1322 933 tamen
1341 901 1512 932 certum
1539 882 1620 930 fibi
1642 883 1893 936 vindicare,
1933 897 2015 927 nec

343 968 347 970 ’
1924 947 2016 995 fine

78 1069 288 1124 scriptaque
307 1071 421 1116 varia,
451 1070 593 1123 quibus
612 1070 795 1111 festorum
815 1070 965 1123 dierum
985 1067 1197 1109 multitudo
1221 1067 1361 1121 partim
1381 1062 1532 1105 defensa
1553 1063 1693 1117 partim
1713 1070 1941 1116 oppugnata
1953 1058 2015 1106 est,

77 1128 238 1180 peperit,
259 1140 356 1179 quae
378 1128 420 1166 in
440 1140 561 1166 vnum
585 1128 769 1167 volumen
789 1128 916 1166 coasta
934 1125 1113 1178 prodiere
1137 1125 1268 1169 italice,
1282 1122 1350 1163 sub
1373 1121 1448 1161 hoe
1464 1120 1593 1160 indice
1611 1134 1621 1159 ι
1652 1119 1830 1159 Raccolta
1841 1119 1882 1156 di
1901 1117 2019 1156 Serit-

77 1192 163 1235 tscre
182 1183 412 1222 conces-nenti
434 1182 472 1220 la
491 1183 758 1222 Diminuzioue
775 1183 867 1221 delle
886 1183 981 1235 Feste
998 1182 1038 1218 a'1
1052 1190 1215 1232 pret-etto
1228 1207 1238 1225 ,
1261 1180 1400 1218 Luccae
1423 1185 1527 1225 1748
1541 1205 1550 1222 ‚
1567 1190 1605 1224 4.
1637 1175 1798 1213 Litterae
1820 1172 2019 1212 breuiores

79 1249 102 1276 a
122 1236 327 1275 Benedifiw
355 1236 458 1279 XIV.
490 1236 537 1275 ad
560 1235 881 1289 Archiepiscopos
908 1237 946 1276 et
975 1234 1183 1288 Episcopos
1210 1234 1361 1274 Siciliae
1389 1233 1482 1273 citra
1510 1230 1701 1275 Pharum,
1741 1224 2021 1283 njleffanensem

81 1292 177 1329 item
200 1299 238 1329 et
259 1291 577 1329 Panormitanum
595 1290 924 1342 Archiepiscopos,
952 1302 990 1330 et
1007 1290 1055 1329 ad
1073 1288 1392 1342 Archiepiseopos
1411 1297 1526 1337 atque
1539 1283 1749 1337 Episcopo&
1762 1283 1935 1322 Etruriae
1959 1280 2021 1319 da'·

81 1354 161 1388 tae,·
175 1343 316 1395 quibus
337 1344 413 1381 illis
441 1344 732 1383 imminuendae
760 1343 945 1383 festorum
966 1344 1118 1381 dierum
1145 1345 1277 1382 turbae
1302 1342 1457 1382 licentia
1478 1339 1724 1387 conceditur,
1752 1335 1914 1377 insertae
1933 1334 2021 1376 sunt

82 1396 629 1439 Attis*historicoecclefiastic.
650 1396 951 1443 Vinarienfibus‚
969 1397 1058 1436 Vol.
1073 1408 1134 1449 15,
1157 1408 1288 1451 p.907
1309 1395 1390 1449 sqq.
1733 1421 1738 1431 -.

90 1496 99 1502 ,
141 1456 177 1483 ²³
206 1451 334 1492 Etiam
356 1452 460 1505 apud
480 1453 632 1492 Latinos
655 1453 799 1492 tardius
818 1452 1051 1492 celebratum
1073 1450 1148 1492 hoc
1166 1451 1305 1492 festum
1339 1462 1387 1502 15
1407 1447 1603 1502 Augusti,
1635 1448 1726 1490 licet
1752 1446 1853 1489 inter
1883 1447 2022 1498 Augu-

82 1506 173 1547 stini
193 1505 386 1546 sermones
408 1506 455 1546 de
473 1505 618 1553 sanffls,
640 1505 982 1559 duodeuigefimus
1001 1508 1153 1558 legatur
1174 1506 1217 1545 in
1239 1504 1509 1547 assumtionem
1529 1505 1689 1545 Mariae.
1758 1500 1834 1543 Sed
1853 1501 2022 1549 tribuen-

80 1561 154 1602 dus
179 1561 232 1601 est
248 1560 451 1602 Ambrofio
477 1564 684 1614 Autperro,
705 1563 815 1600 cuius
837 1560 1075 1615 temporibus
1094 1562 1192 1601 circa
1212 1563 1260 1601 A.
1281 1561 1326 1601 C.
1345 1566 1439 1613 770.
1462 1559 1509 1598 de
1532 1558 1760 1599 assumtione
1780 1558 1818 1598 B.
1845 1555 2023 1607 Virginis

81 1618 147 1670 agi
167 1618 304 1669 coepit.
337 1614 483 1656 Confer
505 1616 785 1656 Mabillonium
808 1618 855 1654 T.
869 1627 910 1661 2,
935 1615 1082 1655 Saecul.
1098 1627 1137 1667 3.
1161 1609 1396 1653 Benediffinl
1418 1608 1565 1667 15:270.
1594 1613 1778 1652 Natalem
1796 1604 2025 1650 Alexandri·

81 1685 178 1712 num
205 1674 255 1710 H.
277 1673 320 1711 E.
347 1669 439 1711 saec.
465 1670 633 1710 secundo
657 1685 745 1724 pag.
768 1676 848 1723 278
871 1670 923 1723 sq.
953 1669 1044 1711 edit.
1068 1671 1110 1709 in
1129 1668 1239 1710 folio.
1267 1667 1696 1720 Da11.Papeb1‘ochiuitt
1728 1667 1769 1707 in
1788 1665 1958 1720 Epistola
1977 1663 2025 1703 ad

80 1729 185 1779 Ioan.
209 1725 330 1766 Mieh.
352 1726 610 1766 Heineccium
633 1725 770 1765 inserta
791 1726 907 1765 huius
925 1726 1033 1778 operi
1052 1724 1099 1765 de
1121 1723 1255 1776 sigillis
1275 1738 1364 1776 pag.
1385 1725 1476 1775 165.
1509 1724 1714 1767 Baluzium
1736 1735 1824 1775 pag,
1848 1722 1940 1774 565.
1977 1718 2025 1758 ad

82 1783 330 1831 Gratianum3
360 1791 396 1820 et
407 1783 458 1820 lo.
473 1782 691 1822 Launoium
713 1782 754 1820 in
773 1780 917 1820 iudicio
930 1779 978 1820 de
1000 1778 1259 1820 controuersia
1278 1778 1391 1831 super
1413 1777 1663 1830 exscribendo
1681 1775 1887 1819 l'arisienfis
1900 1775 2024 1814 Eccle-

82 1836 155 1877 fiae
175 1836 458 1892 Martyrologio
481 1845 635 1876 (contra
654 1837 809 1876 Nicolai
832 1835 997 1876 Billialdi
1017 1835 1217 1874 Vindicius
1235 1833 1494 1875 Parthenieasi
1520 1830 1632 1873 Paris:
1655 1831 1772 1884 1671,
1794 1839 1830 1881 8.
1861 1829 1962 1870 Vide
1989 1840 2027 1868 et

84 1905 184 1944 quae
209 1890 393 1930 Claudius
418 1893 535 1930 lolius
552 1892 776 1932 Canonicus
796 1890 905 1930 Paris.
918 1892 957 1930 in
980 1888 1237 1931 differ-tatione
1259 1889 1308 1929 de
1325 1889 1450 1931 verbis
1460 1887 1626 1930 Vsuardi
1651 1900 1699 1943 15
1717 1890 1823 1939 Aug.
1839 1887 1928 1928 etin
1939 1884 2028 1938 Epi-

85 1947 181 1988 stola
200 1959 268 1997 pro
286 1943 459 1985 Vsum-do
480 1948 738 2000 'Apologetica
755 1945 867 1986 Paris.
894 1949 1015 1996 1669,
1041 1948 1157 2001 1670.
1182 1956 1314 1985 contra
1330 1941 1601 1992 Iac-,Goti‘ditii
1618 1939 1799 1982 Dostoris
1821 1941 2028 1987 Sorbonici

86 2012 125 2041 et
144 2000 334 2040 Canonici
353 1999 464 2040 Paris.
489 2001 758 2042 assumtionem
785 2004 826 2041 B.
848 2002 1024 2054 Virginis
1047 2001 1292 2046 vindicatam,
1312 2001 1405 2043 item
1425 1999 1770 2041 Iacobus-Boneita
1785 1998 1830 2037 in
1855 1994 2025 2036 obserua-

88 2056 260 2113 tionibus
281 2054 327 2093 ad
348 2055 521 2112 eiusdem
541 2057 715 2098 Goudini
747 2058 902 2099 librum.
945 2055 1116 2096 Consule
1138 2057 1255 2097 etiam
1277 2059 1302 2096 F
1306 2056 1560 2106 lorentinium
1581 2054 1629 2095 ad
1656 2053 1914 2106 Martyrolog.
1936 2051 2027 2090 Hic·-

88 2111 367 2163 ronymianum
388 2123 425 2162 p.
439 2120 515 2164 203
537 2110 587 2163 sq.
611 2124 648 2151 et
669 2114 766 2165 quae
787 2114 827 2156 Β,
854 2113 1052 2152 Antonius
1076 2111 1250 2151 Reiserus
1275 2113 1316 2151 in
1338 2112 1518 2151 Launoio
1543 2108 1753 2150 confessore
1770 2121 1859 2162 pag.
1873 2108 1949 2157 763
1975 2104 2024 2157 sq.

91 2175 224 2205 contra
244 2178 288 2203 ea
309 2178 406 2215 quae
428 2165 649 2205 Lambeeius
667 2169 708 2206 in
730 2170 865 2207 itinere
885 2165 1051 2207 Cellensi
1071 2177 1109 2206 et
1125 2169 1292 2213 Tom.8.
1316 2167 1413 2206 Bibl.
1429 2165 1656 2206 Vindobon.
1670 2179 1707 2218 p.
1726 2177 1799 2217 132
1812 2161 1863 2214 sq.
1895 2164 1938 2201 In
1958 2161 2027 2200 Ca-

89 2220 262 2262 lendario
284 2218 360 2258 fiue
385 2219 623 2259 Leffionario
648 2224 776 2267 veteri,
798 2224 903 2275 quod
926 2226 1030 2266 Ioan.
1057 2224 1201 2261 Fronto
1225 2222 1371 2266 edidit,
1402 2231 1440 2261 et
1462 2222 1503 2259 in
1523 2221 1606 2259 aliis
1636 2216 1922 2271 antiquioribus
1948 2227 2026 2252 mo-

89 2276 288 2315 numentis
309 2285 544 2314 memoratur
562 2276 763 2317 celebratio
783 2279 1023 2330 pacistaetionis
1045 2276 1123 2316 fiue
1141 2279 1375 2316 dormitionis
1391 2278 1430 2316 S.
1455 2271 1614 2320 Mariae,
1638 2287 1736 2328 quae
1770 2272 1924 2311 Graecis
1958 2271 2026 2306 nol-

91 2346 205 2379 μησις,
263 2329 363 2369 Vide
384 2332 488 2369 Ioan.
512 2332 715 2370 Frontonis
744 2331 1020 2372 dissertationes
1042 2331 1303 2377 ecclesiasticas
1322 2345 1344 2371 a
1363 2345 1425 2372 me
1454 2333 1472 2382 (
1489 2331 1655 2370 Fabricio
1674 2331 1693 2379 )
1727 2327 1888 2366 ἰιιιιξὶίῐη
1909 2323 2028 2362 editas

91 2397 215 2439 p.221
232 2383 305 2437 seq.
331 2394 368 2423 et
386 2386 587 2424 Suicerum
609 2387 649 2423 in
668 2391 832 2434 κοίμησις.
871 2391 1012 2441 Neque
1033 2386 1271 2427 assumtionis
1291 2386 1525 2428 vocabulum
1545 2385 1658 2435 initio
1681 2384 1790 2423 aliter
1815 2389 2027 2430 acceptum,

94 2442 209 2493 quam
229 2453 298 2492 pro
318 2439 563 2486 dormitione,
583 2440 818 2482 walafridus
842 2444 977 2484 Strabo
997 2445 1039 2482 in
1055 2441 1328 2483 assumtionem
1345 2444 1387 2481 B.
1402 2440 1578 2493 Virginis
1593 2440 1643 2478 T.
1661 2449 1724 2492 ις.
1747 2434 1845 2475 Bibl.
1857 2436 2029 2488 Pati-um,

95 2494 187 2538 edit.
205 2494 389 2549 Lugdun.
414 2510 451 2548 p.
469 2508 561 2548 219.
900 2534 907 2539 x
1076 2506 1080 2515 ²
1160 2507 1163 2516 ²
1287 2494 1289 2498 '

231 2568 233 2570 ·
410 2551 517 2606 Virgo
550 2552 622 2591 Dei
647 2552 818 2605 genitrix
844 2553 889 2592 de
923 2563 1069 2606 corpore
1097 2549 1207 2592 dueta
1232 2551 1371 2604 pud1’co

204 2659 206 2661 Ι
407 2608 451 2647 In
482 2608 641 2659 requiem
675 2608 830 2646 Domini
859 2609 1008 2660 transiit
1036 2622 1112 2647 ecce
1139 2607 1216 2658 siai.
1338 2606 1340 2608 ’

97 2659 355 2713 Euangelium
374 2661 467 2703 festo
500 2661 738 2702 assumtionis
769 2663 1040 2714 explicandum
1073 2662 1126 2701 est
1156 2664 1275 2700 Lucae
1293 2659 1339 2704 X,
1373 2668 1425 2712 38
1457 2658 1536 2713 sqq*
1558 2656 1646 2698 vide
1668 2655 1848 2701 Guiberti
1868 2653 2030 2696 Abbatis

100 2720 217 2769 opera
238 2729 326 2771 pag.
340 2722 442 2775 298.
473 2719 704 2772 Sepulcrum
722 2719 764 2758 B.
785 2719 961 2772 Virginis
978 2717 1192 2759 ostenditur
1212 2713 1504 2770 Hierosolymis.
1561 2711 1671 2754 Videx
1684 2711 1855 2766 E'ugenii
1874 2711 2030 2805 {ogei-i.

1122 2773 1220 2813 ΜΠ]
1234 2784 1273 2810 in
1305 2780 1329 2812 2
1920 2766 2028 2805 ratris
