2263 3027
209 120 306 166 500
394 153 398 155 .
516 102 666 156 CAP.
702 102 781 154 XI.
853 99 947 152 DE
1017 93 1459 160 ANIMALIBVS,
1529 93 1827 148 PLANTIS

199 246 364 298 gangus
385 230 613 282 Franzius,
632 226 798 274 Theol.
821 223 1004 273 Witteb.
1026 241 1137 288 quae
1167 231 1303 285 1617.
1333 221 1498 271 Witeb.
1517 228 1558 276 8.
1582 220 1784 283 vulgata,
1814 234 1857 266 et
1877 218 2027 284 postea
2045 217 2135 268 sae-

207 302 308 364 pius
330 301 375 344 in
398 297 640 345 Germania
665 310 707 342 et
731 295 886 356 Belgio
909 290 1058 340 recusa
1076 290 1150 344 est,
1169 293 1275 338 hinc
1297 292 1563 342 continuata,
1586 303 1628 335 et
1649 289 1834 334 eruditis
1854 287 2136 352 locupletiffi-

208 369 384 428 misque
407 362 719 411 acceffionibus
740 361 863 408 aneta
883 379 906 407 a
927 364 1039 408 Rev.
1061 363 1115 407 D.
1140 363 1204 406 10.
1231 361 1487 422 Cypriano,
1516 353 1766 403 Professbre
1787 371 1884 402 tum
1906 353 2137 419 Phyfices;

208 434 370 480 deinde
396 432 643 493 Theologo
668 427 880 494 Lipsiensi
904 429 976 475 edi
999 429 1147 492 coepit
1164 428 1359 473 Dresdae
1384 433 1525 487 1697,
1551 438 1579 473 2
1602 423 1706 469 Vol.
1741 431 1846 479 8vo,
1881 439 1922 470 et
1943 420 2139 470 absoluta

206 502 402 566 denique
422 500 594 565 prodiit
619 503 754 546 Anno
775 509 915 559 1712,
938 513 985 559 4.
1011 495 1186 542 duobus
1218 495 1450 540 Volumin.
1483 496 1652 539 Ioannes
1674 507 1855 555 quoque
1877 491 2140 553 Buflhaman-

205 574 292 616 tius
305 602 316 623 ,
337 565 668 632 Complutenfis
694 566 914 618 Medicu8‚
936 565 991 611 de
1011 561 1275 611 animalibus
1295 565 1334 608 S.
1348 563 1602 624 Scripturae
1623 558 1860 623 reptilibus
1882 574 1989 605 vere
2009 555 2138 605 diffls
2215 608 2219 611 ,

205 640 386 684 Tomos
409 649 455 685 2.
476 635 614 682 edidit
635 633 869 698 Compluti
900 648 1040 693 1595,
1066 646 1113 693 4.
1138 645 1180 676 et
1203 629 1413 690 Lugdun.
1442 638 1594 680 1620,
1629 636 1669 682 8.
1739 624 1887 672 Exstat
1915 642 2142 690 praeterea

209 703 358 769 GoaJr.
383 705 562 752 Mulieri
584 703 840 769 Θηξολογία
860 699 1040 754 Biblica‚
1064 700 1118 745 de
1139 695 1504 761 quadrupedibus
1516 693 1795 742 terrestribus
1806 697 1877 745 SS.
1891 711 2141 757 eorumque

207 773 430 820 attributis
450 787 491 818 et
513 768 594 817 vsu
615 768 816 833 mystico.
839 766 1019 815 Witteb.
1043 773 1179 824 1676,
1204 774 1248 820 8.
1271 768 1512 810 Her-manni
1533 766 1668 810 Henr.
1691 765 1822 825 Frey,
1854 759 1960 808 Past.
1991 764 2039 808 in
2061 764 2141 808 Ec·

210 838 306 889 cles.
329 836 714 890 Schwinfurteufi,
735 831 1499 894 therio-ornitho-ichthyo-biblion
1525 833 1793 878 Germanica
1818 830 1971 891 lingua
1989 830 2139 891 vulga·

208 924 306 957 tum
328 905 448 972 Lips.
484 922 604 967 1595
627 920 670 952 et
697 912 846 963 1605,
867 920 914 962 4.
953 903 1011 950 Io.
1044 905 1179 947 Henr.
1202 900 1340 960 Vrfini
1358 898 1618 944 animalium
1644 897 1920 944 Biblicorurn
1955 898 2141 944 nomeu-

122 966 125 969 ·
208 979 362 1030 clator,
384 991 514 1039 atque
539 975 592 1020 de
613 971 877 1019 animalibus
897 968 1078 1016 mundis
1100 984 1141 1014 et
1161 966 1423 1019 immundis,
1444 965 1561 1012 libro
1580 963 1879 1023 4.miscellan.
1902 963 2142 1022 sacrorum,

203 1046 432 1103 editorum
454 1041 672 1091 Norimb.
701 1047 846 1092 1666,
875 1047 919 1092 8·
955 1037 1074 1082 Vide
1104 1035 1236 1081 etiam
1271 1033 1383 1080 Ioan.
1406 1033 1536 1079 Conr.
1558 1036 1822 1078 Dietericum
1849 1034 2053 1095 antiquit.
2074 1034 2143 1080 Bi-

204 1112 310 1161 blic.
331 1111 497 1158 veteris
515 1106 792 1155 Testamenti
812 1122 912 1168 pag.
930 1109 1031 1165 416
1053 1099 1114 1165 sq.
1141 1115 1183 1147 et
1201 1101 1396 1146 Eduardi
1426 1100 1603 1161 Simfimi
1632 1099 1770 1161 Angli
1795 1100 2143 1164 hieroglyphica

205 1179 480 1231 animalium,
507 1193 618 1240 quac
644 1179 687 1220 in
708 1171 822 1219 sacra
844 1174 1071 1235 Scriptura
1095 1170 1395 1233 reperiuntur,
1419 1166 1668 1229 Edinburg.
1690 1177 1827 1218 1622.
1848 1169 2013 1216 Ioannis
2035 1170 2143 1216 item

205 1251 255 1296 de
275 1251 375 1310 Mcjy
397 1243 718 1292 commentaria
738 1237 923 1303 Phyfica
944 1240 990 1284 in
1012 1236 1362 1284 Pentateuchum
1386 1250 1429 1280 et
1454 1238 1518 1284 N.
1539 1239 1596 1282 T.
1623 1234 1919 1296 Medioburgi
1949 1246 2085 1290 1661,
2100 1253 2143 1293 4.

209 1333 237 1363 2
253 1316 358 1363 Vol.
379 1314 528 1360 Salom.
543 1328 628 1358 van
652 1309 735 1356 Till
755 1307 1038 1369 Zoologiam‚
1058 1303 1160 1356 fiue,
1184 1304 1562 1351 commentarium
1584 1300 1845 1366 postumum
1873 1302 1927 1349 de
1946 1303 2146 1350 animali-

204 1383 290 1430 bus
318 1378 684 1446 quadrupedibus
707 1379 753 1423 in
777 1379 817 1423 S.
838 1379 878 1423 S.
903 1374 1281 1421 commemoratis.
1305 1369 1527 1417 Dordraci
1550 1385 1690 1434 1714,
1714 1386 1759 1433 4.
1796 1371 1888 1416 Olai
1905 1369 2148 1428 Rudbeckii,

202 1450 303 1506 filii,
324 1448 670 1512 Ichthyologiae
689 1443 878 1492 biblicae
902 1457 1050 1508 partes
1081 1441 1186 1488 duas
1213 1440 1268 1487 de
1285 1436 1439 1486 selauis
1459 1437 1548 1485 fiue
1569 1435 1763 1502 piscibus
1783 1438 2146 1493 volantibus,2et

205 1519 379 1572 Borith,
402 1513 491 1564 fiue
516 1531 733 1581 purpura,
756 1509 961 1577 Vpsaliae
989 1526 1107 1571 1721
1127 1543 1137 1563 ‚
1156 1525 1207 1568 4.
1243 1523 1286 1556 et
1313 1508 1520 1554 Theodori
1543 1506 1699 1568 Husc'zei
1715 1504 2073 1571 disquisitionem
2091 1507 2148 1557 de

206 1585 483 1635 Leuiathane
503 1582 604 1631 Iobi
626 1598 669 1630 et
693 1596 788 1631 ceto
811 1584 962 1634 Ionae,
980 1579 1167 1625 Bremae
1193 1590 1333 1636 1723,
1360 1583 1402 1631 8.

372 1655 443 1700 De
471 1650 729 1704 arboribus,
765 1647 918 1696 herbis
949 1662 992 1692 et
1013 1646 1177 1710 plantis
1201 1646 1247 1690 in
1270 1641 1385 1690 sacra
1405 1646 1633 1710 Scriptura
1653 1644 2018 1691 commemoratis
2037 1657 2148 1706 prae

208 1722 367 1770 ceteris
388 1720 625 1782 diligenter
653 1720 745 1780 egit
775 1716 974 1763 laudatus
993 1714 1107 1762 Ioan.
1122 1714 1259 1759 Henr.
1282 1713 1463 1773 Vrstnus,
1485 1715 1609 1756 cuius
1629 1711 1889 1756 arboretum
1909 1710 2147 1763 Biblicum,

207 1791 412 1855 primum
440 1789 611 1834 editum
636 1785 696 1834 est
715 1783 1003 1844 Noribergae
1029 1785 1225 1843 1663‚8.
1264 1776 1413 1824 Postea
1425 1784 1559 1824 Anno
1579 1783 1721 1835 1665.
1755 1775 1970 1823 Arboreti
1990 1775 2148 1823 biblici

213 1857 489 1903 continuatio
519 1853 607 1901 fiue
629 1853 902 1917 Phytologia
925 1848 1064 1907 sacra,
1098 1846 1347 1895 Herbarius
1367 1841 1506 1897 sacer,
1528 1860 1571 1891 et
1596 1848 1773 1891 Hortus
1795 1845 2075 1897 aromaticus,
2099 1846 2151 1893 in

213 1939 303 1988 quo
366 1923 422 1970 de
458 1923 587 1967 omni
635 1938 799 1982 genere
845 1927 1114 1966 Aromatum
1158 1911 1287 1960 sacris
1332 1915 1380 1958 in
1418 1913 1557 1959 literis
1595 1927 1952 1959 memoratorum
1989 1913 2147 1974 agitur.

211 1996 467 2054 Vtrumque
489 2005 603 2053 opus
625 1985 827 2034 recusum
852 1985 912 2033 est
931 1984 1038 2031 ibid.
1074 1990 1213 2042 1699,
1237 1987 1278 2036 8.
1326 1983 1428 2027 Nec
1449 1980 1798 2045 praetereundus
1818 1982 1969 2026 Lettini
1986 1983 2148 2026 Lemnia·

211 2058 404 2112 libellus,
423 2059 470 2103 in
494 2071 585 2119 quo
608 2054 919 2101 firnilitudines
939 2070 986 2098 ac
1007 2048 1259 2115 parabolas,
1290 2065 1401 2111 quae
1434 2051 1479 2095 in
1508 2047 1622 2095 sacra
1654 2038 1882 2112 Scriptura
1910 2065 1964 2094 ex
1993 2047 2147 2094 herbis

212 2142 343 2191 atque
364 2123 599 2172 arboribus
622 2119 928 2173 desumuntur,
950 2117 1203 2182 explicauit,
1224 2113 1429 2164 Francof.
1452 2134 1469 2163 1
1484 2133 1505 2175 ς
1513 2131 1568 2172 91
1601 2131 1643 2163 et
1672 2134 1683 2162 1
1702 2123 1818 2173 596,
1851 2133 1923 2165 12.
1950 2117 2019 2162 cui
2043 2114 2148 2162 addi

212 2191 396 2261 poffunt
420 2192 600 2240 Thomae
621 2195 781 2237 Bro'wn
801 2185 1134 2234 obseruationes
1156 2185 1211 2232 de
1234 2185 1398 2249 plantis
1420 2186 1466 2231 in
1487 2182 1602 2232 sacra
1619 2184 1844 2248 Scriptura
1872 2184 2148 2239 memoratis,
2217 2225 2219 2229 .

224 2263 420 2310 wilhelmi
440 2263 634 2307 Sarcerii
654 2257 912 2306 herbarium
935 2253 1175 2320 spirituale,
1197 2254 1468 2301 Germanice
1486 2255 1654 2301 editum
1670 2288 1682 2309 ,
1712 2250 1801 2298 fiue
1833 2251 1887 2297 de
1917 2251 2081 2315 plantis
2105 2264 2149 2299 et

214 2329 369 2379 herbis
388 2344 576 2393 quarum
597 2328 643 2373 in
670 2328 895 2390 Scriptura
918 2324 1089 2371 mentio
1112 2320 1174 2376 fit,
1193 2318 1401 2369 Francos.
1421 2337 1559 2382 1573.
1590 2324 1837 2381 Iungamur
1857 2320 2038 2365 Adriani
2049 2319 2147 2367 Coc-

216 2403 308 2462 quii
326 2397 599 2461 Phytologia
619 2391 746 2441 sacra.
770 2390 1009 2454 Vliffingae
1039 2393 1188 2448 1664,
1213 2407 1254 2447 4.
1290 2390 1502 2438 Guilielmi
1537 2389 1788 2451 Westmacott
1818 2384 2147 2442 Θεολοβοτωω-

217 2461 371 2528 λογιαζ
392 2463 493 2517 fiue,
517 2461 699 2509 historia
719 2460 1041 2524 vegetabiiium
1065 2455 1191 2504 sacra.
1214 2458 1413 2520 Anglice.
1442 2457 1646 2504 Londini
1671 2462 1821 2516 1694,
1846 2460 1888 2508 8.
1928 2455 2148 2501 Matthaei

219 2535 377 2579 Hilleri
398 2531 787 2596 Hierophyticon,
809 2527 912 2584 siue,
933 2540 1226 2575 commentar.
1253 2528 1299 2572 in
1321 2527 1417 2572 loca
1438 2528 1477 2572 S.
1499 2527 1538 2573 S.
1571 2541 1682 2589 quae
1704 2522 1957 2586 plantarum
1978 2517 2147 2568 faciunt

218 2602 497 2646 mentionem
511 2633 521 2652 ,
541 2596 774 2645 Vltraiesti
803 2610 919 2660 1725
935 2630 947 2651 ,
968 2612 1017 2659 4.
1048 2596 1170 2641 Olaui
1201 2594 1316 2657 Οεζβί
1346 2592 1756 2645 Hierobotanicon‚
1773 2587 1887 2642 fiue,
1908 2589 1963 2635 de
1983 2589 2146 2653 plantis

217 2665 360 2714 sacrae
378 2663 620 2728 scripturae
639 2664 977 2721 dissertationes,
997 2660 1201 2728 Vpsaliae
1229 2676 1370 2721 1750,
1394 2669 1498 2717 8vo.
1531 2659 1653 2725 quod
1675 2673 1789 2721 opus
1811 2656 1995 2720 reliquis
2015 2657 2147 2704 hui-uo

221 2734 398 2797 generis
416 2729 547 2778 facile
566 2735 760 2796 palmam
781 2733 1012 2797 praeripit.
1084 2732 1293 2778 Edmundi
1312 2730 1473 2792 castelli
1493 2729 1635 2775 oratio
1657 2725 1713 2771 de
1725 2726 2041 2786 Botanologica
2064 2725 2146 2770 S.S.

219 2817 345 2869 parte
361 2817 418 2851 ex
435 2796 728 2866 scriptoribus
751 2799 1056 2853 Orientalibus
1083 2798 1240 2849 clarius
1261 2796 1515 2851 enarranda.
1528 2793 1730 2844 Londini
1746 2798 1888 2858 1667,
1899 2808 1942 2856 4.
1979 2792 2149 2840 Ioannis

2007 2860 2149 2918 Heim
2201 2907 2213 2919 ¹,
