2263 3027
210 125 314 176 790
640 111 790 163 CAP.
825 111 963 165 XVI.
1051 112 1242 173 NVMI
1299 113 1795 169 HFBRAEORVM.

210 230 399 303 δραχμὴ
429 250 472 281 et
504 233 670 294 ἰβολός
702 235 934 287 hebraicae
964 236 1050 287 effe
1086 240 1276 303 originis
1308 255 1432 289 notat
1456 240 1642 289 Iacobus
1662 245 1898 307 Duportus
1920 244 1972 290 ad
1992 216 2145 292 Theo-

209 303 375 370 phrasti
397 302 670 352 charasteres
700 322 744 370 p.
771 323 879 370 324.
950 308 1077 356 Idem
1096 310 1376 374 Sperlingius
1404 325 1559 357 contra
1590 313 1892 372 Conringium
1922 313 2052 358 docet
2076 316 2148 359 Iu·-

212 373 343 418 daeos
368 373 500 418 etiam
521 375 617 419 auri
636 370 764 420 vsum
786 373 984 422 habuisse
1006 392 1211 425 monetae
1234 378 1346 425 loco.
1417 382 1627 425 Ceterum
1659 380 1943 455 Wagenseilius
1965 383 2010 426 in
2032 396 2153 426 cotn-

211 442 431 486 mcntario
452 440 504 486 ad
527 440 762 488 trassatum
783 445 886 490 Sota
917 461 960 509 p.
982 459 1093 506 275.
1129 447 1361 495 contendit
1394 446 1560 492 nullam
1595 447 1786 510 amphus
1822 446 1988 494 exstare
2022 464 2156 494 verae

212 509 486 571 antiquitatis
520 509 839 558 Hebraeorum
874 529 1129 568 monetam,
1169 530 1212 561 et
1240 513 1340 578 post
1364 514 1580 560 nonnulla
1603 512 1855 570 int'eriePca,
1895 516 2049 562 multis
2076 532 2159 579 op·v
2193 515 2210 552 '-

211 591 383 641 pugnat
405 593 568 623 numos
595 575 844 626 referentes
875 581 1120 642 imaginem
1157 581 1425 636 Abrahami,
1475 580 1641 636 Mofis,
1677 582 1864 628 Dauidis
1897 598 1940 630 et
1963 583 2157 630 Salvato-

211 646 270 691 ris
293 643 447 693 nostri.
481 648 551 691 De
574 644 839 695 numismate
859 646 1011 695 census
1026 683 1037 702 ‚
1074 641 1200 712 quod
1220 652 1435 696 Romanis
1466 650 1664 715 pendere
1700 648 1969 698 iubebantur
1991 651 2160 709 Iudaei,

213 709 476 759 consulendi
508 711 608 760 sunt
637 716 904 780 interpretes
937 717 990 762 ad
1022 718 1187 764 Matth.
1213 721 1355 764 XVII.
1390 732 1467 775 24.
1503 732 1578 779 27.
1655 718 1765 785 Casp·
1803 719 1989 779 Waserus
2026 719 2083 768 ll.
2115 721 2158 763 6·

213 795 255 827 et
282 795 356 829 20.
432 783 586 846 Lipsius
608 783 667 831 ll.
696 800 737 842 3.
770 783 1016 831 admirand.
1088 787 1363 848 Marquardi
1385 786 1562 832 Freheri
1588 789 1774 847 Parerga
1800 786 1884 835 ΙΙΙ.
1914 802 1985 835 10.
2009 801 2052 833 et
2078 781 2160 832 dis-

211 846 390 895 sertatio
411 850 564 914 paullo
588 866 688 898 ante
713 851 897 900 laudata.
967 855 1078 899 Ioan.
1097 854 1290 901 Seldenus
1318 854 1371 900 de
1393 856 1488 900 iure
1512 869 1690 900 naturae
1720 870 1763 901 et
1796 855 1999 916 gentium
2035 854 2089 902 ll.
2117 862 2158 907 8.

213 934 312 981 pag.
338 930 450 965 221.
481 932 524 963 et
545 921 620 965 VI.
656 934 725 976 ¹7·
793 922 904 966 Ioan.
937 923 1190 966 Harduinus
1222 938 1331 985 opp.
1353 919 1496 968 selca.
1525 939 1626 985 pag.
1656 932 1766 980 625.
1795 933 1909 980 629.
1985 921 2174 969 Thomas-

216 985 396 1032 Crcnius
416 983 708 1032 animaduers.
729 987 952 1050 philolog.
971 988 1045 1034 lib.
1070 1002 1111 1038 2.
1134 1005 1232 1052 pag.
1261 997 1349 1045 196
1373 987 1465 1052 sqq.
1539 993 1652 1037 Ioan.
1674 991 1801 1036 Gottl.
1824 994 2085 1056 Carpzouius
2105 988 2160 1035 ad

216 1052 534 1100 Goodwinum
561 1071 660 1117 pag.
696 1064 807 1113 690.
875 1053 1223 1101 Seb.Schmid1'us
1249 1053 1392 1102 fascic.
1419 1053 1529 1120 disp.
1560 1073 1657 1120 pag.
1688 1062 1802 1118 796.
1872 1060 1986 1105 Ioan.
2011 1057 2162 1103 Reinh.
2245 1056 2249 1058 ⁷

215 1121 363 1180 Rufius
387 1124 549 1168 Harm.
576 1124 744 1181 Euang.
761 1121 940 1176 ll.822.
988 1124 1465 1171 ‚Ioan.Nz·col.Schulini
1486 1122 1726 1170 dissertatio
1748 1124 1935 1172 Witteb.
1967 1130 2166 1184 1685.4.

216 1189 333 1236 Ioan.
360 1190 563 1234 Laurent.
594 1189 820 1235 Moshemii
839 1186 1080 1236 dissertatio
1101 1189 1369 1237 Helmstadii
1398 1204 1533 1253 1725.
1601 1192 1741 1237 Claud.
1762 1194 1977 1255 Salmasius
2007 1208 2164 1239 contra

218 1256 469 1302 Miltonum
504 1273 603 1319 pag.
640 1262 737 1311 269
767 1253 828 1319 sq.
867 1269 960 1318 275
999 1254 1092 1321 sqq.
1163 1259 1290 1306 Idem
1328 1261 1375 1305 in
1424 1256 1588 1306 funere
1627 1257 1905 1307 hellenistico
1950 1277 2050 1324 pag.
2088 1274 2169 1319 55.

218 1323 454 1371 Sinuu'acra
477 1330 607 1368 onmis
623 1330 796 1388 generis
816 1341 945 1386 quum
965 1324 1320 1373 abominarentur
1341 1329 1504 1382 Iudaei,
1540 1340 1749 1373 monetam
1771 1341 1912 1373 tamen
1940 1333 2167 1395 graecani-

219 1408 310 1438 cam
329 1393 643 1455 Romanamque
663 1395 853 1438 Deorum
872 1393 1126 1458 imaginibus
1133 1394 1376 1460 figuratam
1406 1393 1688 1462 recipiebant,
1722 1408 1852 1458 atque
1871 1395 2040 1442 dabant.
2089 1398 2169 1443 ‘At
2219 1383 2227 1393 .

219 1464 264 1506 in
284 1459 431 1526 templo
451 1476 501 1505 ne
520 1459 743 1521 Caesarum
765 1462 935 1523 quidem
955 1474 1046 1507 tum
1069 1464 1540 1525 Dominorumsuorum
1562 1468 1762 1528 imagines
1786 1460 2037 1526 admisiffent.
2098 1465 2169 1510 De

220 1528 373 1576 numis
418 1525 639 1575 hebraicis
678 1531 821 1589 Mosen
866 1542 1092 1576 cornutum
1131 1529 1433 1583 referentibus
1472 1530 1607 1579 exstat
1646 1531 1884 1596 peculiaris
1925 1529 2169 1578 dissertatio
2220 1566 2223 1570 »

221 1599 256 1643 1.
278 1599 325 1643 Β.
353 1597 609 1660 Carpzouii.
677 1600 752 1662 De
766 1599 916 1643 numis
935 1598 1023 1658 Iesu
1042 1598 1194 1662 Christi
1210 1602 1300 1662 agit
1322 1618 1500 1665 praeter
1522 1600 1632 1646 alios
1663 1603 1726 1646 Io.
1751 1599 1960 1646 Reiskius
1980 1602 2028 1645 in
2049 1598 2169 1646 libro

224 1664 278 1709 de
300 1660 394 1710 Iesu
419 1663 583 1710 Christi
605 1664 890 1726 imaginibus.
960 1664 1285 1728 WVagenseilius
1310 1669 1363 1715 ad
1385 1668 1608 1715 Mishnam
1631 1670 1733 1714 Sota
1755 1685 1853 1733 pag.
1868 1676 1961 1727 238
1978 1665 2168 1729 sq.'edit.

225 1729 462 1778 Surenhus.
502 1749 543 1778 et
582 1736 701 1778 toan.
737 1736 847 1780 DaV.
885 1735 1099 1781 Koelerus
1145 1752 1254 1782 tom.
1288 1745 1330 1784 6.
1367 1736 1610 1783 historicar.
1658 1753 1680 1781 e
1720 1737 1870 1780 numis
1905 1735 2168 1779 deliciarum

224 1815 269 1863 p.
298 1814 389 1861 353
413 1796 505 1862 sqq.
575 1804 643 1846 De
666 1803 814 1846 nutnis
838 1801 1002 1848 Christi
1025 1801 1184 1850 confer
1200 1819 1427 1867 praeterea
1453 1804 1671 1863 Cangium
1699 1805 1732 1860 §.
1749 1811 1823 1852 28.
1853 1801 1908 1848 de
1931 1799 2171 1847 numisma-

226 1864 345 1911 tibus
366 1868 546 1929 imperii
572 1871 771 1922 romani,
810 1885 852 1914 et
876 1873 1127 1916 Antonium
1152 1868 1450 1932 Augustinum
1472 1870 1651 1930 dialogo
1678 1870 1828 1932 primo
1854 1869 1906 1914 de
1929 1866 2170 1915 numisma-

228 1931 345 1978 tibu’s
366 1936 398 1990 ὗ.
425 1951 463 1987 9.
487 1935 686 1997 Raphael
708 1952 889 1998 quoque
913 1938 1147 1983 Auellinus
1175 1938 1317 1983 italica
1337 1938 1490 1999 lingua
1512 1934 1679 2000 scripsit
1702 1935 1888 1982 breuem
1911 1936 2172 1983 declaratio-
2214 1970 2221 1973 -

228 2018 331 2048 nem
357 1998 634 2046 numismatis
656 2001 853 2048 hebraici
874 2008 916 2042 23
942 2019 992 2050 vt
1012 2001 1106 2068 ipse
1124 2004 1307 2067 quidem
1323 2021 1448 2068 putat
1468 2002 1756 2067 antiquissimi
1776 2006 1958 2050 Dauidis
1979 2021 2022 2051 et
2039 2004 2172 2051 Abra·

228 2068 361 2123 hami,
401 2068 564 2114 editam
592 2066 670 2113 sub
695 2071 882 2115 nominc
903 2071 1048 2131 angeli
1070 2071 1294 2118 Gabrielis
1317 2069 1625 2134 Anguisciolae
1652 2091 1660 2117 τ
1711 2071 1816 2117 vide
1840 2073 2170 2120 Bartoloccium

231 2138 276 2182 in
313 2135 584 2182 bibliotheca
617 2135 859 2183 Rabbinica
900 2153 1027 2184 tomo
1061 2153 1105 2200 4.
1143 2157 1241 2203 pag.
1270 2144 1374 2200 164.
1415 2157 1457 2186 et
1490 2140 1775 2186 lmbonatutn
1810 2142 1856 2186 in
1897 2139 2171 2204 bibliotheca
2202 2177 2218 2188 ..

231 2204 415 2251 ebraeo'-
431 2203 561 2249 latina
585 2221 682 2267 pag.
708 2220 802 2251 212
825 2202 884 2268 sq.
905 2221 948 2252 et
975 2214 1081 2266 306.
1150 2210 1218 2254 De
1252 2209 1399 2253 numis
1432 2225 1543 2272 quos
1564 2208 1618 2254 de
1654 2208 1810 2254 Iudaea
1844 2224 1967 2271 capta
2006 2210 2080 2255 vel
2116 2209 2172 2256 de

230 2272 362 2319 rebus
393 2271 575 2318 iudaicis
602 2269 852 2336 percussere
885 2275 1105 2330 Romani,
1152 2272 1448 2322 consulendus
1479 2277 1639 2322 Ezech.
1672 2276 1969 2339 Spanhemius
2001 2277 2056 2322 de
2089 2274 2171 2323 vsu
2256 2327 2259 2345 ·.

231 2337 484 2386 numismat.
517 2357 616 2404 pag.
651 2348 757 2401 326.
789 2355 831 2386 et
866 2342 1051 2388 Carolus
1068 2345 1246 2389 Patinus
1274 2344 1327 2389 ad
1352 2346 1555 2391 Suetonii
1584 2340 1897 2408 Vespasianum
1931 2358 1974 2390 et
1994 2346 2170 2390 Titum.
2255 2351 2259 2391 ἱ

233 2424 273 2454 et
296 2412 448 2454 Petrus
469 2409 666 2454 Zornius
701 2405 848 2472 opusc.
873 2405 976 2460 sacr.
1004 2425 1116 2457 totn.
1145 2427 1180 2458 1.
1211 2428 1308 2475 pag.
1337 2428 1414 2475 37.
1483 2416 1553 2459 De
1575 2415 1726 2458 numis
1756 2408 2013 2473 cabaliflicis‚
2050 2429 2174 2459 amu·
2215 2412 2220 2422 ’
2255 2397 2258 2437 i

234 2476 331 2521 letis
356 2491 437 2522 etc.
505 2477 623 2522 Vide
645 2478 914 2523 Kircherum
937 2492 1065 2524 tomo
1090 2495 1132 2525 2.
1154 2480 1321 2543 Oedipi
1342 2496 1467 2543 parte
1492 2496 1533 2528 2.
1557 2497 1600 2544 p.
1626 2494 1734 2541 475.
1759 2487 1997 2541 465·480.
2031 2496 2074 2525 et
2096 2481 2216 2548 Sig-M‘.
2252 2489 2256 2498 ’

235 2546 318 2591 Iac.
346 2547 737 2606 Baumgartenium
767 2542 908 2593 fascic.
940 2562 976 2595 ι.
1008 2545 1297 2593 consiliorum
1329 2549 1696 2611 theologicorum
1725 2545 2029 2610 (theologiscsge
2052 2545 2171 2598 &uu
2252 2546 2255 2590 Ῐ

1999 2613 2172 2676 adflent)
2192 2672 2198 2678 .

293 2711 327 2737 ²³
358 2707 642 2750 Dichiaratione
669 2709 764 2750 della
785 2710 954 2752 hebraica
977 2713 1167 2767 Medaglia
1188 2713 1288 2753 detta
1307 2713 1479 2767 Maghen
1504 2711 1627 2754 David
1651 2722 1687 2750 et
1709 2708 1924 2756 Abraham,
1955 2709 1994 2749 di
2016 2712 2067 2751 D.
2089 2712 2171 2751 An·

236 2764 326 2815 gelo
358 2764 529 2801 Gabriele
558 2766 794 2816 Anguissola.
832 2768 1041 2808 Mediolan.
1078 2771 1195 2820 1617.
1236 2770 1301 2812 fol.
1359 2771 1452 2810 Dixi
1480 2770 1526 2810 de
1565 2767 1691 2807 munis
1721 2767 1793 2808 illis
1823 2764 2032 2822 s‘uppofitiis
2059 2767 2171 2808 etiam

238 2831 357 2871 nuper
378 2818 421 2858 in
442 2819 585 2860 Codice
612 2819 937 2876 pseudepigrapho
962 2826 1109 2866 Veteris
1129 2825 1374 2867 Testamenti.
