2263 3027
717 144 742 184 z
811 142 815 146 >
842 111 1340 187 HEBRAEORVM.
1598 172 1601 175 ,
1949 136 2051 194 69³·

98 265 279 333 pop-uli
300 261 535 327 Anglicani
557 273 711 310 contra
729 258 1023 322 salmasium„
1044 259 1348 321 Algernonius
1370 257 1592 323 Sidneyus
1614 256 1671 305 de
1692 255 1927 320 regimine,
1955 255 2058 319 (qui

113 334 229 382 liber
257 352 310 381 ex
336 334 528 395 Anglico
551 331 722 378 Gallice
739 327 892 377 versus
914 332 1069 389 Hagae
1092 330 1322 374 Comitum
1356 341 1477 389 1702
1497 326 1696 393 prodiit)
1719 340 1762 372 et
1779 325 2058 371 Monarcho-

94 404 262 450 ‘machi
292 402 610 448 communiter.
693 398 824 445 Prior
851 394 1066 442 sententia
1097 396 1348 459 praeplacet
1386 411 1481 443 non
1515 394 1657 442 modo
1693 389 2057 442 Machiauellistis

112 468 357 523 vniuersi55
401 467 475 514 sed
504 469 635 514 etiam
663 466 758 511 aliis
782 465 1017 529 praeclaris
1048 464 1159 509 viris
1193 479 1235 509 et
1264 461 1506 527 scripturae
1537 460 1868 526 interpretibus.
1920 458 2058 507 <Vide

116 539 335 584 Ioannem
362 534 676 593 Wandalinum
699 532 776 579 lib.
805 549 842 582 1.
864 533 918 579 de
942 533 1041 578 iure
1071 532 1198 592 regio
1221 548 1256 577 c.
1284 548 1302 590 3
1328 528 1390 594 sq.
1412 546 1454 577 et
1478 530 1529 577 ab
1555 546 1608 577 eo
1630 528 1852 581 laudatos,
1893 525 2058 591 quibus

115 604 249 651 addes
286 608 398 650 Sam.
417 597 776 649 Puffendorfium
801 602 847 646 in
876 597 1082 646 ana-legiis
1115 598 1310 662 politicis
1334 616 1433 662 pag.
1460 605 1520 653 68
1543 595 1604 662 sq.
1670 599 1726 645 D.
1752 596 2059 659 Carpzouium.

113 670 464 737 τὲνμοικοιςίτην
485 670 531 714 in
557 667 717 728 limine
741 684 949 714 notarum
972 667 1025 713 ad
1049 668 1155 714 Guil.
1178 665 1475 712 Schickardnm
1497 667 1550 712 de
1574 668 1671 713 iure
1703 665 1828 726 regio
1850 680 1903 709 ex
1924 659 2061 707 sacris

113 739 276 784 litteris
300 756 341 784 et
362 734 652 800 scriptoribus
674 735 895 782 hebraicis
916 733 1146 790 illustram,
1178 733 1390 796 editoque
1411 735 1611 797 primum
1634 730 1824 792 Tubing
1859 738 1947 779 162
1962 745 1998 776 1.
2013 744 2058 785 4.

114 821 159 852 et
181 823 281 852 cum
304 804 544 868 Carpzouii
572 804 691 849 notis
715 801 867 850 recuso
892 800 1012 866 Lips,
1039 812 1178 863 1674.
1204 817 1248 861 4.
1315 802 1488 847 Frider.
1509 801 1717 846 Vlricum
1741 797 1978 845 Pestelium
2008 797 2056 842 in

114 873 328 919 vindiciis
348 873 455 918 iuris
479 872 615 931 regii,
656 872 841 918 Rintelii
864 877 916 917 Α.
937 883 1072 932 1725,
1093 887 1139 929 4.
1170 869 1324 922 editis,
1362 884 1404 915 et
1424 868 1664 916 Eberhardi
1685 866 1892 931 Rudolphi
1912 863 2060 912 Rothti

113 937 286 986 bonum
309 941 566 1004 principem
586 940 633 984 in
655 938 972 985 Hebraeorum
995 936 1174 1000 regibus
1199 934 1589 1000 repraesentatum.
1609 934 1771 980 Vlmae
1799 942 1935 994 1684-
2004 934 2060 977 1¹1

112 1007 227 1053 hanc
247 1005 506 1054 sententiam
532 1006 686 1052 multis
708 1011 889 1070 quoque
911 1003 1101 1070 disputat
1123 1005 1333 1052 Claudius
1354 1002 1581 1050 Salmasius
1598 1003 1644 1047 in
1660 997 1919 1047 defensione
1939 999 2061 1059 regia

112 1075 246 1121 toties
265 1070 424 1120 recusa.
493 1073 610 1121 Vide
633 1088 675 1120 et
697 1077 750 1120 D.
775 1075 949 1121 Calouii
970 1074 1110 1121 Biblia
1133 1071 1344 1119 illustrata
1365 1072 1418 1118 ad
1447 1086 1467 1119 1
1496 1074 1609 1117 Sam.
1630 1069 1756 1117 VlII.
1810 1066 2062 1113 Marshami

45 1186 56 1188 ,
115 1145 350 1189 Canonem
378 1141 659 1188 chronicum
686 1158 784 1206 pag.
806 1152 901 1204 238
931 1139 992 1205 sq.
1060 1145 1132 1187 De
1163 1140 1345 1203 regibus
1369 1138 1663 1186 Hebaeorum
1685 1150 1936 1198 eorumque
1956 1133 2064 1180 iuri-

113 1206 222 1268 bus,
257 1212 530 1257 Maimonidis
561 1208 730 1256 librum
766 1210 901 1257 latine
933 1228 956 1256 a
985 1207 1028 1256 se
1050 1205 1229 1256 versum
1260 1206 1495 1273 separatim
1519 1223 1620 1253 cum
1644 1206 1763 1251 notis
1785 1203 1926 1250 edidit
1946 1200 2065 1247 Mel-

114 1278 246 1324 chior
267 1276 586 1340 Leydeckerus
611 1278 831 1327 Roterod.
860 1286 1003 1336 1699.
1030 1287 1068 1329 8.
1089 1293 1223 1342 atque
1244 1277 1408 1324 iterum
1430 1273 1615 1323 inseruit
1638 1272 1714 1320 lib.
1741 1287 1786 1332 7.
1808 1271 1863 1317 de
1885 1266 2063 1333 Repub.

113 1342 262 1391 Hebr.
283 1361 319 1390 c.
346 1360 388 1403 4.
412 1359 455 1406 p.
474 1356 574 1405 232
597 1341 660 1405 sq.
685 1360 727 1390 et
758 1362 793 1390 c.
826 1361 895 1403 13.
915 1362 957 1407 p.
979 1352 1074 1405 485
1102 1343 1162 1407 sq.
1241 1344 1358 1390 Vide
1384 1341 1438 1388 fis
1469 1343 1602 1388 etiam
1625 1336 1935 1386 Frischmuthi
1965 1331 2066 1383 diff.

117 1410 174 1455 de
194 1425 300 1471 rege
321 1409 530 1470 eligendo
568 1424 611 1455 et
644 1409 929 1474 deponendo
952 1413 1082 1457 lenae
1109 1418 1166 1458 16
1175 1429 1195 1468 ς
1207 1426 1248 1469 3.
1267 1427 1314 1466 4.
1342 1425 1385 1456 et
1403 1412 1585 1455 Petrum
1606 1407 1798 1453 Petitum
1833 1421 1876 1468 p.
1902 1419 1945 1464 7.
1972 1403 2062 1449 dia-

115 1474 257 1523 tribae
279 1477 333 1523 de
353 1479 450 1522 iure
473 1474 629 1523 edistis
648 1479 909 1541 Principum
932 1476 1146 1525 Ecclesiae
1166 1476 1357 1541 quaesito
1378 1492 1420 1524 et
1439 1478 1564 1524 annis
1590 1491 1684 1521 non
1703 1472 1949 1524 vindicate,
1981 1468 2071 1517 vbi>

115 1546 286 1604 Regem
324 1544 535 1607 Synedrii
566 1544 733 1590 iudicio
766 1542 1012 1591 subiefkum
1045 1542 1174 1591 fuiffe
1207 1560 1361 1607 negat,
1407 1545 1485 1607 qui
1515 1539 1737 1589 refellitur
1761 1557 1785 1586 a
1815 1535 2062 1587 Benedifiieo

113 1612 336 1657 Bacchino
356 1628 402 1675 p.
427 1625 445 1658 Ι
462 1626 519 1673 17
540 1608 602 1674 sq.
626 1611 681 1658 de
703 1610 918 1659 Ecclesiae
946 1613 1235 1660 Hierarchiae
1259 1613 1451 1672 origine„
1522 1610 1640 1655 Vide
1659 1623 1810 1655 tamen
1835 1623 1948 1670 quae
1972 1621 2062 1671 pro

19 1684 21 1686 ’
111 1679 243 1724 Petiti
262 1675 478 1725 sententia
497 1676 780 1726 casaubonus
804 1682 924 1726 XIII.
946 1679 1002 1725 ad
1021 1680 1289 1732 Batonium,
1328 1677 1543 1724 Seldenus
1571 1677 1650 1725 III.
1677 1691 1722 1731 9.
1752 1674 1809 1720 de
1829 1673 2067 1737 Synedriis

112 1759 157 1795 et
179 1743 407 1793 Salmasius
436 1762 472 1792 c.
494 1759 536 1794 2.
559 1743 829 1793 defensionis
848 1749 994 1808 regiae
1025 1746 1281 1793 attulerunt.
1352 1744 1560 1791 Iudicum
1588 1760 1612 1789 a
1651 1740 1831 1805 regibus
1854 1739 2064 1787 differen-

110 1814 217 1858 tiam
240 1809 460 1860 succinae
483 1813 707 1878 explicare
738 1812 927 1860 instituit
957 1814 1162 1860 Bailletus
1193 1815 1242 1860 in
1272 1814 1389 1858 Vitis
1419 1809 1685 1858 Sanfiiorum
1714 1813 1816 1856 Vct.
1842 1807 1962 1856 Test.
1981 1807 2065 1859 vbi

114 1879 319 1926 Indicum
338 1881 452 1927 vitas
479 1880 759 1945 expositurus
784 1896 916 1944 negat
949 1898 1025 1927 eos
1046 1881 1237 1946 perinde
1267 1895 1316 1926 vt
1338 1896 1465 1941 reges
1487 1875 1678 1943 potuisse
1703 1893 1842 1924 nouas
1866 1874 1986 1923 ferre
2006 1875 2067 1922 le·

115 1963 219 2009 ges,
255 1963 373 1994 noua
397 1949 637 2012 imponere
667 1949 846 1998 tributa.
921 1951 1023 1996 Nee
1051 1947 1280 2013 sceptrum
1311 1945 1489 2011 gestaffe
1527 1963 1609 1993 nec
1649 1945 1873 1997 diadema,
1916 1959 2065 2006 neque

115 2011 288 2062 cinRos
308 2012 435 2062 fuisse
453 2015 656 2062 satellitio
677 2016 1022 2080 custodibusque
1043 2018 1264 2081 corporis.
1345 2018 1509 2078 Neque
1530 2011 1748 2060 vnfifione
1778 2009 1895 2059 sacra
1928 2007 2064 2058 'fuisse

116 2082 426 2141 inauguratos‚
465 2099 613 2146 neque
654 2085 997 2132 haereditariam
1030 2084 1294 2146 dignitatem
1325 2082 1381 2130 ad
1411 2081 1529 2130 filios
1561 2078 1864 2134 transmififfe,
1915 2094 2064 2142 neque

115 2146 318 2195 absoluto
340 2146 442 2195 vsos
463 2151 658 2212 imperio
689 2154 736 2197 in
761 2153 1008 2216 populum,
1043 2149 1119 2198 sed
1151 2153 1400 2198 exercitum
1425 2145 1597 2200 duxisse
1627 2163 1670 2198 et
1699 2147 1950 2198 libertatem
1982 2163 2062 2210 po·

117 2216 216 2280 puli
236 2213 442 2262 aduersus
462 2214 610 2262 hostes
633 2216 872 2274 asseruisse,
903 2221 1088 2284 iuraque
1119 2221 1161 2265 ei
1183 2216 1351 2267 dixisse.
1420 2217 1623 2265 Addatur
1646 2213 1936 2263 Abarbanelis
1968 2210 2062 2260 diff.

120 2284 177 2330 de
200 2285 400 2330 iudicum
422 2298 464 2330 et
485 2286 659 2345 Regum
691 2288 1005 2334 conuenientia
1029 2303 1071 2334 et
1104 2284 1382 2337 differentia,
1421 2300 1555 2346 quam
1579 2281 1836 2330 Buxtorfius
1870 2278 2062 2328 disserta-

0 2392 1 2400 ,
56 2350 59 2353 “
116 2351 320 2398 tionibus
346 2351 770 2411 Philologicotheol.
801 2371 844 2416 p.
867 2369 967 2415 450
994 2351 1194 2402 inseruit.
1268 2353 1445 2400 Primus
1471 2349 1572 2414 post
1602 2350 1914 2397 liberationem
1947 2365 1971 2394 a
1999 2364 2062 2395 ca·

117 2420 322 2484 ptiuitate
344 2418 612 2482 Babylonica
635 2425 686 2465 A.
707 2423 1015 2477 CCCCXXXI.
1044 2419 1248 2466 diadema
1268 2417 1348 2465 sibi
1369 2416 1586 2482 imposuit
1607 2415 1904 2467 Aristobulus,
1931 2417 2058 2462 Ioan-

121 2487 190 2533 nis
212 2486 462 2534 Maccabaei
483 2484 600 2531 filius
621 2484 725 2532 teste
748 2485 939 2552 Iosepho
961 2486 1036 2534 lib.
1068 2504 1104 2534 1.
1129 2487 1184 2534 de
1205 2486 1326 2534 bello
1349 2486 1524 2533 iudaico
1544 2502 1636 2549 cap.
1660 2500 1701 2547 3.
1721 2525 1729 2531 „
1774 2481 2061 2531 Aristocratia

120 2551 315 2600 restituta
337 2573 360 2602 a
382 2553 577 2602 Gabinio
613 2551 707 2609 est,
754 2556 831 2615 qui
861 2555 1022 2601 iudicia
1052 2553 1142 2601 siue
1169 2548 1367 2617 synodos
1398 2555 1597 2616 quinque
1627 2551 1802 2617 populo
1830 2548 2061 2615 praefecit.

120 2620 186 2667 Id.
207 2621 284 2669 lib.
316 2640 350 2670 ι.
373 2640 407 2669 c.
432 2629 476 2670 6.
543 2624 612 2666 De
641 2618 732 2666 fori
757 2620 845 2666 siue
865 2623 1136 2669 iudiciorum
1161 2623 1333 2668 ratione
1355 2623 1404 2667 in
1431 2623 1600 2685 portis,
1637 2619 1810 2670 erudita
1828 2621 1952 2670 Ioan.
1973 2623 2060 2668 Da-

120 2688 422 2802 nielislIacobi
446 2685 685 2740 dissertatio
709 2689 857 2738 lucem
879 2689 995 2738 vidit
1014 2688 1186 2756 Lipsiae
1212 2695 1267 2739 A.
1291 2702 1435 2752 1714.

186 2757 259 2804 Vo
280 2769 349 2810 .2.
1527 2802 1530 2804 Α

1063 2823 1088 2876 1
1491 2835 1494 2840 '
1977 2823 2055 2868 IV.
