2263 3027
187 84 288 144 78⁶
687 74 835 129 CAP.
857 73 1001 135 xvi.
1085 73 1279 128 Nviut·
1321 74 1681 128 VETERVM.

192 217 390 274 portuna
415 200 547 248 etiam
565 197 666 248 sunt
690 218 800 264 quae
825 201 959 249 tradit
977 204 1088 248 Rev.
1108 203 1218 250 Ioan.
1243 202 1463 268 Chr-ssoph.
1485 202 1677 247 Olearius
1699 201 1745 246 in
1767 197 2010 265 specimine
2031 205 2129 252 vni·

190 269 342 319 uersae
361 271 427 316 rei
446 271 673 316 num-ariae
693 267 932 317 scientifice
955 271 1193 319 tradendae
1213 275 1338 317 lenae
1367 276 1506 329 1698.
1531 277 1570 324 8.
1595 284 1637 314 et
1662 271 1709 314 in
1738 267 1858 326 libro
1879 273 2132 332 germanice

191 339 335 387 edito:
382 335 556 397 Qutibse
579 336 1055 401 wlfinfflnmiffcusdmft
1069 337 1173 385 ibid.
1203 354 1340 397 170¹.
1365 347 1404 393 8.
1439 341 1482 382 in
1515 354 1605 399 quo
1630 339 1761 383 etiam
1792 336 2003 383 nonnulli
2035 335 2136 383 scri-

188 422 345 472 ptores
368 404 423 450 de
444 406 578 451 variis
598 407 873 468 argumentis
898 405 1170 463 indicantur,
1200 405 1596 470 :quemadmodum
1618 420 1660 450 et
1685 422 1709 450 a
1730 403 1964 451 clariffimo
1991 406 2135 452 amico

191 471 348 522 nostro
372 475 428 519 Io.
453 476 633 537 Georgz'o
675 473 846 519 Walcht'o
864 470 1046 538 praefat.
1069 475 1122 521 a'd
1144 474 1470 521 Bartholomaei
1497 475 1698 519 b'eucrini
1722 471 1924 519 libellum
1947 473 2002 519 de
2019 489 2139 537 pon·-

191 540 374 598 deribus
397 554 440 588 et
461 538 692 594 mensuris,
723 542 771 588 in
792 558 878 604 qua
894 539 1023 588 simul
1045 538 1366 605 sciagraphiam
1389 538 1646 587 scribendae
1668 538 1877 587 historiae
1900 538 2139 587 numisma-

192 610 304 659 ticae
323 604 575 673 proposuit.
647 610 814 656 Notati
835 625 1016 673 quoque
1037 625 1234 656 meretur
1248 613 1421 673 Georgii
1435 612 1625 654 lss'ionneti
1648 605 1847 654 museum
1866 610 2139 665 munatium,

193 693 398 730 carmen,
433 674 523 722 fiue
554 678 711 724 notitia
742 678 806 724 rei
827 679 1050 724 numariae
1071 681 1266 732 veteris;
1324 677 1445 739 quod
1485 674 1703 723 recensuit
1738 673 2048 741 praefatusque
2071 673 2141 723 -est
2213 671 2228 716 Ῑ

194 745 278 792 Iul.
302 748 398 791 Car.
419 744 669 807 Schlaeger.
697 741 965 792 Helmstadii
996 760 1134 806 1744.
1150 764 1201 807 4.
1225 758 1266 791 et
1288 748 1424 792 Henr.
1449 747 1558 790 Ioan.
1580 744 1866 808 Bytemeisteri
1897 745 2138 791 delineatio

192 813 262 861 rei
283 809 617 860 numismaticae
637 815 843 879 antiquae
864 828 906 860 et
926 815 1213 865 recentioris,
1250 814 1374 858 cuius
1397 813 1534 858 editio
1563 815 1693 858 tertia
1713 818 1901 874 Argent.
1926 826 2069 874 1744.
2096 820 2141 868 8.

190 881 380 946 prodiit.
454 883 556 928 Nec
578 881 892 945 praetereundi
913 881 1002 927 duo
1024 880 1166 927 libelli
1199 881 1368 942 vulgati
1399 881 1551 926 itidem
1583 882 1838 942 germanice
1858 913 1870 934 ,
1910 885 1991 931 ὓαὸ
2015 879 2142 942 gebff:

194 960 288 998 nete
307 947 646 1012 ffllt‘mgcubinet'
682 963 725 994 et
749 952 866 995 Ioan.
889 950 1164 1010 Groeningii
1194 946 1377 995 historia
1402 945 1720 1004 numismatum
1742 950 1916 1006 critica,
1949 948 2028 1010 qui
2060 962 2140 993 no-

192 1013 370 1063 uiffime
396 1018 442 1062 in
472 1013 739 1062 collesslione
759 1016 1047 1063 Schilleriana
1075 1013 1152 1061 sub
1182 1016 1315 1060 titulo
1346 1021 1417 1063 ber
1447 1016 1648 1076 qessffnete
1676 1016 1930 1076 mittetptass
1961 1014 2140 1079 prodie-

196 1099 325 1137 runt,
362 1085 410 1129 in
433 1082 595 1146 quibus
620 1087 859 1148 praecipue
879 1084 934 1129 de
951 1081 1278 1128 recentioribus
1309 1080 1650 1128 numismatibus
1674 1082 1986 1129 'memorabilia
2011 1098 2140 1145 quae-

138 1149 140 1152 *
196 1151 324 1205 dam,
364 1166 407 1198 et
429 1173 431 1175 ¹
450 1153 913 1216 numophylaciorum
959 1150 1097 1197 hodie
1134 1148 1377 1196 celebrium
1416 1151 1575 1195 notitia
1614 1145 1837 1197 succinae
1877 1152 2138 1214 exponitur.

191 1217 350 1267 Habes
374 1220 504 1265 etiam
528 1220 576 1264 in
595 1216 750 1265 iisdem
775 1217 1104 1284 expositionem
1126 1220 1474 1283 praecipuarum
1497 1215 1703 1278 siglarum
1730 1216 1817 1264 siue
1847 1218 2139 1282 compendio·
2186 1273 2191 1275 ξ

194 1303 299 1333 rutn
329 1281 572 1350 scripturae
604 1303 719 1351 quae
750 1288 796 1334 in
831 1289 998 1334 numis‘
1017 1301 1283 1338 occurrunt,
1321 1302 1571 1349 eorumque
1602 1283 1856 1332 lustratores
1888 1300 2137 1338 morantur,

195 1369 284 1401 tam
307 1356 591 1411 Latinarum,
628 1372 760 1419 quam
774 1358 1069 1408 Graecarum,
1101 1356 1361 1401 Latinarum
1382 1354 1564 1417 quidem
1589 1354 1872 1416 depromtam
1894 1370 1947 1400 ex
1969 1356 2142 1410 Patino,

194 1426 471 1470 Graecarum
505 1438 617 1470 vero
639 1441 692 1470 ex
718 1424 899 1471 Ioannis
919 1424 1118 1469 Valentis
1151 1423 1171 1485 (
1184 1422 1294 1478 Jean
1317 1426 1415 1485 Foy
1436 1421 1664 1481 Vaillant)
1694 1419 2035 1467 numismatibus
2059 1423 2142 1466 im-

194 1506 482 1556 peratorum,
517 1509 540 1538 a
567 1492 752 1558 populis
781 1508 991 1539 romanae
1023 1490 1208 1537 ditionis
1231 1507 1385 1551 graece
1407 1488 1696 1553 loquentibus
1728 1487 1934 1552 percuffis
1959 1487 2141 1535 Amstel.

199 1574 343 1619 1700.
366 1555 447 1607 fol.
518 1560 742 1616 Praeclara
772 1559 988 1623 quaedam
1019 1558 1074 1604 de
1108 1573 1312 1604 veterum
1345 1559 1494 1603 numis
1525 1554 1792 1603 colle&anea
1825 1572 2069 1603 occurrunt
2093 1559 2161 1607 in,

194 1623 420 1676 Francisci
441 1628 561 1673 Iunii
579 1626 699 1674 libro
721 1641 764 1678 2.
786 1628 841 1673 de
870 1626 1045 1691 pistura
1067 1629 1283 1672 Veterum
1314 1642 1406 1692 cap.
1434 1635 1473 1681 8.
1494 1642 1595 1690 pag.
1629 1641 1719 1673 110
1742 1622 1803 1689 sq.
1875 1628 1941 1670 Dc
1965 1626 2143 1685 origine

197 1696 417 1758 pecuniae
445 1691 668 1758 variisque
697 1698 791 1742 eius
813 1692 1044 1759 speciebus
1077 1694 1302 1756 eleganter
1321 1709 1609 1755 accurateque
1633 1689 1800 1739 differit
1824 1695 1943 1736 Ioan.
1966 1694 2138 1749 Georg.

197 1763 467 1809 Wachterus
493 1764 539 1809 in
563 1764 875 1825 archaeologia
897 1762 1110 1810 num-aria.
1136 1758 1256 1825 Lips.
1288 1775 1424 1822 1740.
1443 1778 1488 1822 4.
1521 1762 1593 1805 cui
1610 1759 1720 1804 adde
1739 1756 1977 1803 Christiani
2000 1756 2143 1803 Crufii

197 1831 579 1876 commentarium
603 1832 659 1877 de
682 1831 939 1893 originibus·
971 1832 1184 1895 pecuniae
1207 1846 1229 1874 a
1251 1829 1416 1892 ‘pecore
1445 1840 1547 1873 ante
1583 1828 1772 1872 numum
1809 1823 2038 1885 signatum.
2068 1828 2143 1871 Pe-

198 1897 373 1960 tropoli
403 1905 545 1958 1748.
571 1906 612 1952 8.
683 1903 745 1944 Vt
764 1915 874 1944 vero
894 1904 1071 1964 pecunia
1092 1915 1114 1944 a
1134 1913 1300 1961 pecore
1334 1895 1466 1958 apud
1484 1894 1687 1946 Latinos,
1721 1895 1776 1938 ita
1798 1894 1980 1939 Graecis
2000 1892 2142 1956 plera-

198 1978 290 2028 que
319 1962 537 2010 vocabula
568 1965 614 2009 in
648 1967 1029 2011 commerciorum
1060 1963 1272 2027 pensione
1306 1958 1582 2007 vsitatasunt
1609 1962 1796 2024 repetita
1827 1977 1848 2005 a
1878 1960 2138 2024 pecudibus,

199 2030 597 2095 quemadmodum·
612 2030 861 2077 Eustathius
883 2047 1005 2078 notat
1026 2033 1078 2093 ad
1092 2026 1332 2091 Odyffeam
1351 2045 1362 2084 ;
1393 2029 1504 2074 adde
1527 2029 1829 2074 Mezeriacum
1853 2027 1907 2074 ad
1932 2027 2139 2083 Ouid.(1=

196 2114 301 2165 pag.
327 2111 438 2158 317.
505 2098 874 2160 Qadringentos
901 2099 1095 2162 amplius
1116 2113 1303 2155 numos,
1338 2113 1450 2158 quos
1477 2100 1712 2142 Patauinos
1733 2113 1755 2141 a
1776 2096 1875 2142 loco
1898 2095 2137 2160 appellant,

198 2166 253 2213 ab
277 2166 386 2213 italo
407 2162 582 2212 falsario
603 2163 644 2195 ¹⁶
675 2163 926 2230 suppofitos
955 2162 998 2211 se
1022 2162 1244 2226 collegisse
1266 2180 1307 2210 et
1330 2166 1373 2209 in
1395 2165 1540 2210 lucem
1563 2165 1790 2229 editurum
1815 2162 1996 2209 testatur
2015 2165 2139 2210 Ioan-

197 2233 386 2280 Carolus
410 2234 617 2279 Scliottus
636 2235 681 2279 in
705 2250 824 2279 noua
842 2234 1139 2297 explicatione
1159 2229 1454 2296 apotheoseos
1482 2233 1675 2278 Homeri
1700 2247 1795 2294 pag.
1824 2245 1919 2290 33.x
1968 2233 2036 2276 De
2060 2247 2137 2276 nu-

197 2304 286 2348 mis
309 2304 667 2348 monetariorum
689 2308 894 2354 veterum
916 2302 1045 2365 culpa
1069 2298 1239 2346 vitiosis
1267 2297 1523 2346 conferatur
1547 2300 1712 2361 Erasini
1738 2299 1958 2345 Froclichii
1986 2295 2141 2344 differ-

198 2371 320 2420 tatio‚
344 2385 455 2431 quae
477 2385 630 2430 quarta
653 2367 713 2415 est
739 2371 853 2415 inter
876 2370 969 2415 eius
986 2373 1047 2414 lV
1077 2364 1318 2414 tentamina
1333 2369 1379 2413 in
1405 2385 1451 2415 re
1473 2369 1674 2414 numaria
1695 2382 1859 2420 vetere,
1876 2383 1917 2430 p.
1935 2367 2023 2424 361
2041 2361 2140 2428 sqq.

202 2438 274 2482 cui
297 2438 434 2497 iunge
454 2438 667 2482 Geinozii
689 2436 872 2482 Abbatis
893 2434 1225 2482 obseruationes
1246 2435 1305 2481 de
1325 2438 1472 2482 numis
1497 2435 1721 2482 veteribus
1740 2431 1989 2497 suppositi&
2027 2447 2140 2495 quae

202 2503 441 2551 exhibetur
466 2517 577 2548 tom.
603 2508 646 2549 6.
668 2502 876 2550 historiae
897 2505 1144 2559 academiae
1173 2499 1517 2567 inscriptionum
1542 2521 1639 2568 pag.
1659 2499 1870 2564 410'quqv
1948 2502 2017 2545 De
2045 2514 2139 2546 arte

203 2586 368 2618 numos
400 2586 572 2618 veteres
597 2573 818 2635 genuinos
848 2589 872 2619 a
900 2569 1062 2640 spuriis
1088 2568 1370 2621 discernendi
1403 2570 1539 2620 exstat
1569 2567 1805 2618 Beauuaifii
1831 2566 1946 2613 liber
1981 2567 2139 2628 gallice
2191 2580 2204 2589 ”

1078 2683 1080 2685 ,
1762 2678 1767 2682 .
2049 2634 2140 2681 edi·

270 2723 306 2751 ¹⁶
343 2725 482 2764 Plinius
499 2727 550 2766 H.
569 2728 623 2764 N.
647 2729 818 2767 xxxin.
834 2737 878 2781 0.
947 2729 1093 2769 Mirum
1117 2728 1155 2768 in
1174 2728 1242 2768 hac
1269 2730 1401 2768 attium
1427 2715 1504 2768 sola
1525 2721 1611 2767 vitia
1627 2724 1846 2776 discuntur,
1871 2734 1908 2767 et
1923 2721 2005 2767 falfi
2024 2723 2137 2766 dena·

204 2782 248 2824 rii
271 2780 454 2836 spectatur
473 2783 661 2835 exemplar
674 2810 688 2830 ,
719 2781 962 2838 pluribusque
982 2786 1077 2828 veris
1095 2784 1256 2828 denariis
1276 2785 1508 2828 adulterinus
1526 2784 1676 2826 emitur.
