2263 3027
194 73 293 127 986
687 66 841 121 CAP.
886 66 1042 121 XXII.
1112 65 1306 122 LVDI
1340 66 1661 122 GYMN1C1.

188 188 423 256 gymnafio
449 190 638 245 belli-co,
656 190 768 240 ibid.
795 196 935 251 1681.
971 197 1035 242 Io.
1055 194 1176 243 Frid
1195 195 1459 247 Guntherus
1481 197 1529 242 in
1553 192 1647 243 diff.
1671 194 1727 249 de
1747 193 2141 256 cursoribusvete·

187 277 295 307 tum
316 261 567 324 gymnicis,
588 260 751 309 Witeb.
771 276 913 321 1709.
951 265 1014 309 Io.
1034 263 1177 310 Behm
1202 264 1257 311 de
1279 265 1564 326 agonothetis
1592 266 1897 320 Graecorum,
1938 268 2145 327 Regiom,

191 343 340 390 1717.
375 331 439 373 Io.
462 329 883 377 Henr..·Schultzius
905 332 953 377 in
972 328 1439 398 differhsubpraefid.
1458 332 1579 381 Frid.
1609 328 1885 389 Hoffmanni
1914 332 2062 389 habita
2092 334 2146 381 de
2221 391 2224 395 .

187 396 364 442 athletis
385 411 596 444 veterum
616 398 940 446 eorumdiaet'a
960 414 1003 447 et
1025 398 1200 457 habitu,
1224 399 1364 448 Halae
1391 414 1527 461 1717.
1576 403 1640 446 Io.
1663 402 1771 446 Ern.
1793 399 1846 447 ab
1870 401 2145 450 Auersualda

186 463 241 509 de
264 479 470 510 veterum
494 481 585 513 arte
609 465 830 520 instandi,
853 467 1018 515 Witeb.
1046 483 1185 529 1720.
1219 468 1361 517 Andr.
1382 467 1603 515 Weberus
1621 468 1678 515 de
1706 469 1928 515 exercitiis
1960 471 2143 532 gymni-

183 532 268 587 cis,
300 530 521 579 Arnstadii
550 542 689 592 1718.
727 539 792 582 Io.
819 537 954 584 Zach.
980 536 1207 584 Platnerus
1230 538 1285 584 de
1305 553 1397 583 arte
1417 535 1692 600 gymnastica
1716 552 1947 592 veterum,
1967 535 2142 601 Lipiiae

186 612 333 663 1724.
371 601 430 646 lo.
454 605 596 648 Henr.
620 604 871 650 Schultzius
895 605 945 650 in
961 601 1350 652 obseruationibus
1374 604 1433 650 ad
1463 621 1559 651 rem
1590 604 1844 651 athleticam
1878 606 2142 668 pertinenti-

179 663 278 720 buS,
301 668 442 714 Halae
472 684 613 730 1737.
641 712 644 713 γ
686 675 756 718 De
780 670 1045 731 κυβιστήσει
1077 672 1343 721 athletarum
1372 674 1420 718 in
1449 669 1977 737 palaestrapGraecorum
2006 672 2143 721 exstat

179 739 532 782 commentarius
554 741 599 785 P.
615 741 695 787 M.
717 741 945 798 Pamaudi,
971 744 1139 788 Romae
1166 755 1223 799 17
1231 744 1305 799 56¹.
1326 754 1373 801 4.
1425 740 1604 787 Athleta
1626 737 1893 807 παράδοξος
1912 741 1948 787 is
1969 740 2142 796 diceba·

178 815 275 858 tur,
312 805 389 866 qui
413 802 599 851 stadium
623 804 840 868 ingressus
865 807 932 856 bis
954 809 1008 855 ad
1030 809 1275 856 minimum
1293 809 1522 873 pluriesue
1543 825 1636 854 vno
1658 825 1701 856 et
1733 810 1895 857 eodem
1927 807 2001 869 die
2023 805 2138 862 sum?-

176 886 251 917 ma
276 875 569 921 contentione
598 875 843 929 nitebatur,
879 891 928 921 vt
961 873 1149 940 semper·
1165 874 1369 941 superior
1389 873 1655 934 discederet,
1687 893 1826 940 eaque
1850 893 1907 923 .re
1934 891 2140 924 commu·
2202 898 2207 900 ’

176 955 286 985 nem
307 941 417 986 vicit
439 943 723 1005 opinionem.
796 943 915 989 Vide
935 945 1081 991 Gottl.
1095 945 1247 990 Erdm.
1262 943 1483 991 Zeibichii
1503 943 1713 990 athletam
1732 939 2012 1011 παράδοξον,
2044 945 2138 992 Wi-

174 1006 262 1053 teb.
285 1015 421 1067 1748.
438 1017 478 1063 8.
520 1011 589 1054 De
608 1009 971 1075 μαστιγοφόροις
984 1028 1234 1074 eorumque
1253 1010 1449 1076 praeside
1471 1008 1729 1080 οἱλυτοὶρχη
1750 1016 1785 1058 F
1787 1013 1870 1058 rid.
1885 1013 2025 1060 Andr.
2042 1016 2136 1060 He-

172 1073 331 1121 roldus
359 1073 708 1124 d1ffertationem
733 1078 873 1123 edidit
895 1078 1059 1125 Witeb.
1084 1082 1222 1137 1756.
1277 1078 1482 1125 Athletae
1517 1094 1754 1141 antequam
1784 1079 2021 1142 prodirent
2055 1096 2135 1126 no-

126 1163 143 1195 ;
172 1158 280 1189 men
303 1159 576 1207 gentemque
599 1145 910 1192 Hellanodicis
939 1145 1215 1200 indicabant,
1253 1147 1358 1193 vide
1370 1145 1714 1193 Bourdelotium
1747 1147 1800 1193 ad
1824 1147 2135 1196 Heliodorum

168 1226 216 1276 p.
235 1220 309 1268 78.
333 1210 412 1258 vbi
434 1213 567 1259 etiam
587 1212 643 1258 de
663 1215 866 1278 praemio
889 1215 1189 1267 vincentium.
1257 1217 1326 1262 De
1347 1213 1630 1278 olympicis,
1677 1216 1867 1261 Nemeis
1886 1247 1899 1268 ,
1944 1215 2136 1279 Pythiis,

170 1276 458 1343 Isthmiisque
490 1283 796 1335 Graecorum,
834 1299 903 1328 res
935 1297 1040 1328 nota
1073 1282 1146 1329 vel
1180 1300 1234 1329 ex
1256 1286 1438 1329 Pottero
1466 1283 1521 1331 Π.
1551 1294 1628 1331 22.
1658 1279 1721 1346 sq.
1751 1296 1794 1329 et
1831 1283 1909 1336 iis,
1947 1299 2059 1346 quae
2080 1283 2135 1331 ad

169 1345 417 1393 Pindarum
440 1349 528 1394 viri
553 1347 677 1395 doffl
697 1364 1038 1397 annotauerunt.
1107 1351 1236 1397 Adde
1252 1384 1266 1404 ,
1296 1367 1409 1414 quae
1429 1351 1485 1396 de
1514 1350 1568 1395 iis
1598 1349 1824 1412 eleganter
1843 1365 2132 1415 accurateque

170 1431 497 1462 commentatus
529 1414 590 1462 est
611 1417 845 1463 Eduardus
866 1416 1092 1464 Corfinius
1126 1420 1174 1464 in
1211 1415 1589 1465 dissertationibus
1614 1419 1692 1468 IV.
1722 1416 1997 1480 agonisticis,
2033 1421 2131 1482 qui·

168 1482 252 1528 bus
274 1484 628 1547 Olympiorum,
669 1486 941 1549 Pythiorum
956 1519 971 1539 ‚
999 1488 1291 1533 Nemeorum
1315 1502 1445 1550 atque
1465 1484 1758 1535 Isthmiorum
1780 1501 1960 1550 tempus
1980 1488 2129 1551 inqui-

166 1551 300 1609 ritur,
323 1552 579 1600 Florentiae
609 1567 748 1615 1747.
764 1571 812 1617 4.
838 1569 883 1600 et
902 1551 1075 1619 Lipfiae
1102 1569 1244 1617 1752.
1259 1564 1302 1612 8.
1338 1556 1390 1604 ln
1412 1554 1647 1620 Olympiis
1669 1552 1987 1617 Antagonista'e
2009 1552 2126 1602 sorte

165 1617 280 1674 dati,
318 1634 370 1667 vt
391 1635 514 1667 notat
535 1618 937 1684 S.Chrysostomus
967 1622 1022 1669 ad
1045 1624 1281 1674 letemiam
1306 1624 1349 1669 in
1374 1625 1537 1670 Catena
1560 1623 1846 1671 Ghisleriana
1867 1638 1977 1669 tom.
2003 1640 2045 1671 2.
2072 1639 2123 1687 p.
2155 1679 2157 1681 μ

169 1700 277 1746 144.
314 1685 487 1736 Confer
507 1688 562 1736 de
583 1689 700 1735 ludis
723 1691 942 1757 Olympicis
955 1692 1016 1739 10.
1031 1691 1313 1740 Bircherodii
1335 1692 1702 1738 exercitationem
1723 1691 1779 1738 de
1799 1690 1917 1738 ludis
1930 1691 2123 1752 Gymni-

164 1755 250 1807 εἰς,
284 1758 523 1820 praecipue
545 1757 859 1804 certaminibus
881 1759 1164 1824 Olympicis‘,
1195 1756 1390 1806 Hafniae
1420 1766 1557 1821 1664.
1572 1775 1616 1821 4.
1689 1758 1870 1819 Aegidii
1900 1758 2121 1803 Straucliii

163 1818 326 1869 differt.
353 1823 408 1870 de
429 1825 544 1870 ludis
564 1826 835 1890 OlympiciS,
861 1825 1024 1873 Witeb.
1045 1831 1182 1876 1661.
1203 1842 1246 1873 et
1269 1829 1316 1874 in
1331 1828 1486 1873 Crenii
1507 1823 1661 1873 museo
1683 1824 1965 1890 philolog-ico
1988 1840 2030 1870 et
2053 1825 2120 1870 hi-

161 1885 325 1936 storico
349 1907 393 1952 p.
412 1901 516 1949 365.
533 1889 626 1955 sqq.
683 1895 745 1939 lo.
777 1893 899 1940 Frid.
920 1896 1101 1958 Mayeri
1123 1892 1285 1942 differt.
1309 1894 1363 1941 de
1386 1894 1503 1940 ludis
1528 1893 1794 1956 olympicis,
1829 1889 1947 1954 Lips.
1977 1901 2070 1953 167
2082 1908 2117 1942 1.

159 1954 285 2004 ioan.
312 1959 579 2021 mearckii
599 1957 758 2006 differt.
783 1961 838 2006 de
858 1964 1098 2009 certamine
1123 1962 1382 2025 olympic0‚
1407 1956 1554 2023 Vpsal.
1588 1966 1726 2019 1708.
1752 1966 1795 2013 8.
1849 1959 1970 2007 loan.
1994 1959 2119 2009 Guil.

158 2025 405 2085 Bergerum
427 2041 469 2089 p.
485 2032 595 2083 867.
637 2028 876 2073 Stromatei
898 2029 1149 2074 academici.
1182 2024 1474 2075 Gilb.Westii
1495 2024 1844 2074 dissertationem
1867 2024 2114 2091 praefixam

158 2092 255 2138 eius
287 2094 650 2157 interpretationi
678 2094 873 2155 anglicae
896 2094 1102 2144 Odarum
1128 2095 1308 2142 Pindari
1332 2128 1346 2153 ‚
1374 2093 1575 2141 Londini
1608 2109 1750 2156 1743.
1786 2109 1830 2151 4.
1873 2095 2114 2157 euulgatae.

158 2161 410 2222 Guyonem
428 2164 487 2206 T.
513 2175 552 2208 1.
572 2176 683 2224 part.
714 2176 754 2224 3.
778 2160 986 2209 historiae
1006 2179 1254 2224 regnorum
1276 2178 1319 2210 et
1338 2160 1707 2226 rerumpublicar.
1727 2158 1856 2208 Par-is.
1877 2175 2014 2222 1733.
2035 2177 2109 2213 12.

155 2243 259 2290 pag.
278 2239 396 2291 439.
409 2225 503 2292 sqq.
553 2228 799 2275 Nicolaum
821 2229 1122 2294 Gedoynium
1154 2233 1202 2278 in
1233 2231 1466 2279 memoriis
1489 2230 1737 2280 academiae
1757 2226 2112 2294 Inscriptionum

154 2299 215 2344 T.
231 2298 306 2342 XI.
330 2311 373 2360 p.
390 2312 414 2355 ς
431 2312 445 2342 1
464 2311 502 2344 1.
523 2309 566 2343 et
591 2299 649 2342 T.
663 2299 782 2344 XIII.
807 2313 851 2361 p.
869 2311 979 2362 557.
1010 2301 1192 2346 Aaron.
1208 2299 1462 2348 Banierium
1481 2300 1540 2344 T.
1563 2301 1619 2343 V.
1640 2295 1794 2344 histor.
1817 2298 1933 2345 acad.
1953 2294 2110 2346 Inscri-

153 2365 298 2426 ption.
319 2378 418 2427 pag.
441 2378 514 2424 33.
549 2365 620 2411 De
639 2364 804 2427 Pythiis
825 2364 1148 2415 videJSuenon.
1167 2367 1339 2414 Muhlii
1359 2363 1722 2419 dissertationem,
1746 2362 1886 2412 Hafn.
1907 2377 2044 2427 1732.
2058 2380 2108 2431 4.

155 2433 395 2493 Anonymi
416 2427 789 2488 dissertationem,
811 2428 923 2496 quae
944 2433 1108 2495 legitur
1130 2435 1178 2480 in
1198 2432 1352 2482 histor.
1374 2435 1512 2481 critic.
1531 2432 1725 2498 reipubl.
1746 2432 1981 2481 litterariae
1998 2436 2055 2479 T.
2069 2449 2104 2482 1.

152 2513 199 2561 p.
219 2512 236 2545 1
250 2514 323 2555 50·
345 2514 387 2545 et
408 2502 466 2547 T.
479 2502 537 2546 V.
557 2515 600 2563 p.
614 2514 642 2560 9
659 2516 691 2545 ι.
713 2515 756 2546 et
778 2499 998 2563 Alphonfi
1023 2501 1227 2562 vignolii
1247 2499 1621 2557 dissertationem,
1653 2517 1766 2565 quae
1798 2498 1932 2549 exstat
1952 2503 2009 2546 T.
2024 2503 2104 2551 VI,

152 2566 292 2612 eiusd.
311 2564 463 2611 histor.
486 2568 622 2613 critic.
644 2583 721 2626 99.
755 2570 826 2614 De
851 2567 1046 2629 Isthmicis
1063 2568 1298 2616 Guilielmi
1322 2567 1508 2617 Maffieu
1534 2567 1739 2616 dissertat.
1760 2572 1817 2614 T.
1840 2567 1917 2616 111.
1947 2566 2103 2618 histor.

154 2633 270 2680 acad.
293 2629 643 2696 Inscriptionum
666 2651 765 2698 pag.
789 2638 866 2698 63.
891 2651 933 2682 et
957 2637 1107 2683 Caroli
1130 2640 1165 2683 F
1167 2638 1250 2683 rid.
1271 2636 1534 2685 Hofmanni
1553 2633 1757 2683 dissertat.
1781 2633 1837 2680 de
1856 2633 1971 2681 ludis
1994 2633 2102 2684 Isth·
2165 2662 2168 2669 =

154 2702 283 2751 micis
307 2701 356 2752 in
376 2702 441 2748 N.
461 2703 521 2749 T.
541 2703 923 2761 commemoratis,
944 2702 1105 2774 Witeb.
1132 2711 1275 2774 1760.
1309 2709 1379 2777 pe
1402 2705 1518 2776 ludis
1535 2703 1740 2772 Isblasttfqg‘t
1756 2699 2014 2759 conferatur
2033 2704 2100 2779 {³17

1913 2785 2100 2842 gnorius
