2263 3027
188 58 288 106 600
703 43 853 98 CAP.
888 43 994 95 ΧΠ.
1067 42 1623 96 DIVINATIONVM

186 175 233 221 in
255 171 547 236 fingularibus
570 170 625 217 de
642 168 1014 232 Engastrimytho
1036 167 1259 216 diatribis:
1278 185 1301 217 a
1321 169 1540 218 Kirchero
1552 172 1693 218 Tom.
1716 182 1752 218 1.
1773 169 2122 237 Oedipip.244.

184 257 230 289 et
254 248 359 303 382.
401 244 463 292 Ῐο,
484 239 684 287 Brodaeo
704 238 779 285 lib.
792 253 834 299 9.
859 240 960 284 Var.
983 235 1256 285 Leffionum
1284 256 1319 285 c.
1350 254 1362 286 ι
1373 253 1420 297 9.
1456 238 1660 286 Antonio
1692 255 1780 285 van
1802 238 1914 286 Dale
1940 240 1995 286 de
2023 242 2121 287 ido·

187 310 398 356 lolatricis
420 305 776 355 diuinationibus
800 305 1069 353 Iudaeorum
1091 323 1182 372 cap.
1215 323 1289 357 ιο.
1326 307 1552 371 Stephano
1584 306 1627 353 le
1646 309 1824 370 Moyne
1845 309 1891 354 in
1921 308 2040 354 notis
2067 307 2124 354 ad

187 379 321 425 Varia
340 374 454 424 sacra
466 394 509 441 p.
524 392 616 437 993
635 372 728 440 sqq.
766 379 830 422 Io.
844 373 1008 421 Carolo
1031 376 1232 421 Schottio
1257 376 1304 421 in
1327 374 1628 439 explicatione
1647 375 1819 422 erudita
1840 374 2123 437 etingeniosa

187 442 499 512 Apotheoseos
522 446 795 492 Homericae
819 460 861 506 p.
880 456 973 493 102
984 439 1046 506 sq,
1087 443 1306 505 Vignolio
1330 443 1561 489 Mamillio
1582 446 1739 490 Torno
1762 456 1808 496 2.
1830 440 2017 490 Miscell.
2039 444 2124 490 Hi·
2154 498 2159 503 .

186 513 350 563 storico
382 515 566 564 litterar.
597 530 696 578 pag.
722 520 830 577 318.
870 511 1042 558 Dauide
1073 512 1225 558 Millio
1257 513 1306 558 in
1330 507 1539 563 dissertat.
1567 511 1622 558 de
1655 520 1756 564 ΞῚΝ
1777 526 1820 559 et
1851 522 2038 565 mum,
2069 512 2125 559 ad

187 585 317 647 quale
351 582 584 630 diuinandi
613 599 756 644 genus
785 575 948 629 referri
983 577 1195 635 debeant3
1259 576 1409 626 recusa
1440 579 1489 625 in
1517 579 1718 626 eiusdem
1749 577 2126 627 differt-atiossibus

187 649 372 705 seleffis,
401 669 503 716 pag.
527 665 612 711 395
652 647 745 714 sqq.
781 665 824 697 et
855 651 978 696 Ioan.
1012 649 1151 694 Gerh.
1171 651 1351 695 Meiero
1373 648 1420 693 in
1444 645 1608 696 differt.
1643 664 1730 711 qua
1749 646 2010 702 ostenditur,
2040 652 2128 710 Py-

189 718 402 767 thonissas
434 718 837 785 ἐγγαστριμύθους
864 717 911 763 in
941 716 1134 782 tripodis
1170 717 1294 782 pelui
1324 732 1419 763 non
1456 732 1512 762 ex
1548 731 1709 763 ventre
1741 717 1997 763 vaticinatas
2027 713 2128 763 effe.

188 788 440 837 Helmstad.
476 804 613 850 1727.
1239 782 1246 785 ’
1983 791 1986 794 ’

322 861 390 906 Ex
398 858 499 921 selis
520 856 721 902 velcanis
733 848 999 906 transcursu,
1019 851 1097 916 qui
1110 847 1367 916 inauspicati
1377 850 1669 908 habebantur,
1681 848 1964 899 Casaubonus
1977 864 2122 917 p.341

187 923 248 989 sq.
269 926 323 973 ad
345 923 618 990 Theoprasti
639 919 926 970 characteres.
1180 931 1195 944 “

330 995 564 1040 fulminum
587 989 836 1038 obseruatio
858 1005 990 1052 quam
1013 986 1066 1033 ab
1088 984 1320 1034 Het‘ruscis
1339 988 1533 1035 Romani
1556 1004 1779 1052 accepere.
1816 988 1935 1035 Vide
1955 986 2130 1033 Diodo-

187 1077 291 1109 rum
312 1063 394 1108 Sic.
413 1065 467 1107 V.
489 1059 568 1107 fol.
593 1079 614 1105 2
632 1077 699 1118 ¹9·
721 1075 763 1105 et
785 1059 981 1104 Plinium
1006 1059 1069 1102 Η.
1096 1059 1157 1100 N.
1177 1054 1255 1107 lib,
1280 1071 1323 1103 2.
1342 1073 1377 1103 c.
1394 1073 1468 1117 52.
1490 1053 1586 1120 sqq.
1621 1060 1690 1102 De
1714 1058 1794 1103 hac
1815 1056 2129 1104 BedaTom.1.

187 1146 232 1195 p.
260 1139 353 1192 387
370 1127 432 1192 sq.
470 1129 613 1176 Aldus
639 1127 870 1174 Manutius
892 1128 945 1172 V.
958 1123 1013 1169 de
1033 1122 1233 1186 quaesitis
1260 1140 1342 1187 per
1371 1122 1614 1188 Epistolam
1646 1128 1786 1174 Tom.
1810 1141 1855 1184 4.
1889 1123 2131 1188 Lampadis

188 1200 352 1244 artium
375 1196 671 1244 Gruteriana'e
690 1213 735 1260 p.
756 1189 930 1255 254sq.
969 1195 1032 1240 10.
1055 1193 1189 1237 Pierii
1211 1191 1440 1237 Valeriani
1465 1191 1726 1238 declamatio
1756 1195 1889 1240 Rom.
1921 1208 1932 1237 ι
1952 1209 1972 1252 5
1991 1206 2060 1250 17,
2085 1200 2128 1247 8.

188 1280 232 1312 et
251 1269 392 1313 Tom.
418 1280 459 1324 5.
494 1265 761 1327 Antiquitat.
785 1265 918 1307 Rom.
941 1261 1214 1321 Bulengerus
1236 1258 1353 1305 libro
1377 1264 1434 1309 V.
1466 1260 1521 1305 de
1544 1276 1685 1306 terrae
1707 1276 1836 1306 motu
1868 1274 1910 1306 et
1929 1256 2133 1306 fulmini·

187 1332 293 1387 bus,
315 1337 456 1380 Tom.
480 1349 517 1377 1.
551 1328 819 1396 Opusculor.
851 1328 1064 1390 Lugduni
1094 1324 1239 1375 exctis.
1278 1343 1320 1375 et
1349 1329 1396 1373 in
1423 1328 1586 1374 eodem
1619 1328 1952 1392 Antiquitatum
1988 1343 2131 1374 tomo.

187 1405 500 1463 Berneggerus
529 1416 572 1464 p.
604 1414 712 1455 119.
735 1393 923 1444 Miscell.
962 1396 1104 1443 Andr.
1129 1396 1264 1442 Olaus
1289 1396 1534 1459 Rhyzelius
1566 1397 1613 1442 in
1637 1395 1926 1458 brontologia
1944 1393 2060 1442 sacra
2090 1409 2134 1443 et
2229 1440 2231 1442 .

187 1467 400 1517 historica
437 1469 652 1514 Holmiae
682 1482 771 1526 172
788 1482 822 1521 ι,
843 1481 888 1529 4.
925 1468 1079 1511 Petrus
1101 1464 1339 1511 Ahlwardt
1361 1466 1408 1510 in
1430 1464 1847 1526 Brontotheologia,
1873 1466 2132 1526 germanice

188 1537 306 1585 edita
326 1535 721 1601 Gryphiswaldiae
751 1549 872 1596 1745
892 1568 904 1590 ,
928 1540 967 1588 8.
1004 1530 1201 1578 Valesius
1230 1532 1283 1578 ad
1309 1535 1603 1579 Ammianum
1629 1536 1792 1586 XXIII,
1822 1548 1861 1593 5.
1897 1532 1976 1579 vbi
1997 1535 2131 1579 etiam

106 1646 109 1650 .
189 1605 246 1654 de
268 1607 481 1653 Caecinae
502 1603 620 1651 libro
644 1621 779 1668 quem
803 1602 859 1648 de
885 1598 1104 1647 Hetrusca
1125 1597 1369 1646 fulminum
1393 1598 1625 1664 disciplina
1647 1597 1900 1665 scripserat,
1931 1599 2035 1647 teste
2061 1601 2132 1645 Ci-

191 1690 355 1721 cerone
376 1688 417 1720 et
441 1673 616 1726 Plinio„
677 1670 894 1736 Explodit
924 1686 1020 1715 eam
1043 1669 1277 1715 Lucretius
1298 1672 1359 1715 VI
1375 1702 1386 1722 ,
1414 1676 1488 1724 86.
1511 1665 1598 1730 seq.
1637 1673 1730 1714 Lex
1762 1666 2043 1713 Constantini
2062 1670 2130 1713 M.

188 1757 276 1807 pro
299 1742 387 1788 hoc
409 1738 718 1807 haruspicinae
737 1754 903 1803 genere
925 1737 1022 1783 data
1043 1742 1095 1784 A.
1117 1739 1166 1783 C.
1193 1750 1302 1798 321.
1328 1737 1377 1781 in
1399 1735 1568 1781 Codice
1588 1731 1908 1780 Theodosiano
1924 1737 2130 1796 νΤοιϊι,6.

188 1825 288 1884 pag·
314 1822 623 1937 {iazosmamia
645 1880 696 1923 A.
723 1893 764 1940 p.
778 1891 855 1938 99.
882 1873 981 1933 lege
1005 1870 1319 1933 Gastromantia
1342 1885 1396 1914 ex
1418 1864 1518 1914 vase
1541 1883 1650 1930 aqua
1671 1867 1825 1931 pleno,
1847 1869 1971 1914 cuius
1989 1868 2132 1916 medi.

190 1943 638 2060 affiiluzqtvocabatur
655 1941 825 2016 Ὑοὲςξη.
894 1944 1099 1987 Potterus
1121 1945 1224 2002 pag;
1251 1951 1347 2000 337
1379 1932 1442 1999 sq.
1481 1935 1718 1983 Archaeol.
1750 1936 2005 2000 Alciphron
2025 1939 2131 2003 Epi-

329 2082 590 2132 Geomantia,
623 2076 904 2140 (Gemantian
923 2088 1055 2120 vocat
1084 2071 1362 2118 Rolandinus
1386 2071 1740 2124 Grammaticus,
1769 2073 1847 2136 qui
1869 2073 1983 2120 circa
2006 2077 2055 2120 A.
2079 2075 2131 2121 C.

196 2157 344 2209 1263.
364 2149 494 2203 vixit,
517 2148 564 2193 in
588 2146 819 2192 Chronico
843 2143 1073 2189 Marchiae
1097 2138 1352 2187 Taruifinae
1372 2137 1447 2185 lib.
1474 2141 1524 2186 X.
1550 2156 1644 2203 cap.
1665 2138 1944 2202 vndecimo>
1974 2141 2131 2192 Bulen-

193 2235 327 2280 gerus
350 2215 430 2267 lib.
447 2231 486 2277 3.
507 2232 541 2262 c.
562 2230 631 2264 ιο.
667 2211 905 2259 Cornelius
916 2212 1120 2274 >Agrippa
1140 2208 1194 2256 de
1216 2210 1406 2256 vanitate
1418 2204 1632 2255 scientiar.
1653 2224 1687 2254 c.
1704 2215 1781 2270 36.
1800 2207 1914 2255 Rob.
1935 2208 2050 2255 Flud
2073 2210 2130 2257 de

193 2284 451 2338 Fluffibus,
473 2287 534 2330 H.
554 2283 608 2330 de
630 2279 733 2328 Pifis
754 2281 853 2344 (qui
875 2294 1057 2325 notante
1082 2276 1296 2324 Sorberio
1320 2278 1365 2321 in
1388 2274 1665 2322 Sorberianis
1692 2292 1735 2339 p.
1764 2283 1873 2325 161.
1905 2293 1929 2324 e
1961 2279 2126 2324 Catano

194 2371 238 2403 ct
265 2352 470 2402 Gerardo
492 2347 782 2399 Cremonensi
803 2344 1023 2412 profecit)
1045 2360 1088 2392 et
1109 2342 1346 2393 Alfakinus
1359 2379 1371 2402 7
1393 2346 1437 2390 in
1458 2340 1664 2390 fasciculo
1688 2345 1986 2391 Geomantico
2007 2361 2129 2392 com·

194 2421 414 2487 prehensi.
451 2423 507 2467 D.
528 2423 650 2467 Ioan.
674 2417 872 2465 Andreas
894 2414 1148 2462 Schmidius
1169 2411 1261 2460 diss,
1285 2414 1338 2460 de
1360 2413 1638 2460 Geomantia.
1658 2415 1788 2459 lenae
1810 2423 1943 2474 1495.
1980 2415 2128 2461 Henr.
2165 2411 2171 2413 Α

194 2489 469 2551 Klausingius
490 2485 655 2536 dissert.
671 2487 726 2533 de
736 2482 1228 2535 Pseudo-Mathematis,
1244 2481 1425 2528 Witteb.
1446 2499 1460 2525 1
1472 2495 1582 2540 705.
1595 2478 1620 2543 §
1635 2493 1696 2528 22
1709 2477 1768 2544 sq.
1804 2484 1994 2540 Begerus
2005 2482 2130 2528 The·

195 2555 304 2607 saur,
328 2557 664 2618 Brandenburg.
683 2559 822 2601 Tom.
845 2569 880 2599 1.
904 2569 945 2616 p.
963 2559 1037 2609 85.
1074 2551 1314 2596 Kirchcrus
1335 2553 1472 2595 Tom.
1491 2566 1528 2596 2.
1555 2549 2047 2612 Oedipipart.2.p.493
2065 2546 2128 2613 sq.

198 2627 425 2687 Georgius
448 2623 652 2672 Paschius
684 2626 729 2669 in
762 2623 957 2669 inuentis
986 2620 1272 2682 nouantiquis
1307 2635 1403 2683 pag.
1433 2623 1524 2677 598
1547 2613 1604 2680 sqv
1644 2618 1829 2660 Zanatae
1862 2613 2127 2681 Philosophi
2217 2643 2223 2651 x

197 2690 349 2743 Persae
371 2695 640 2740 Geomantia
663 2690 794 2741 Mser.
815 2691 998 2739 Graecis
1019 2685 1216 2736 versibus
1235 2688 1432 2734 Politicis
1460 2701 1544 2752 per
1563 2680 1801 2732 Arsenium
1830 2684 2129 2745 Monachum,
2204 2737 2211 2744 ⁴

1957 2768 2131 2800 memo·
2210 2787 2214 2789 Α
