2263 3027
235 164 341 222 ‘330
699 146 1014 202 canvm.
1081 146 1172 198 DE
1212 144 1342 198 nus
1382 112 1745 199 sYRonM'

239 297 312 328 ma
332 276 433 326 sunt
452 274 682 342 syntagma
701 274 792 320 duo
815 273 870 321 de
891 274 992 320 Diis
1012 273 1164 336 Syris,
1199 272 1247 325 28,
1271 280 1363 335 q'uo
1386 273 1574 319 nomine
1602 287 1646 320 et
1679 273 2016 338 Aegyptiorum
2058 269 2189 319 fimul

242 364 287 397 et
309 345 507 395 Arabum
527 361 575 390 ac
596 338 839 398 Persarum,
853 341 1276 405 Hebraeorumque,
1290 356 1371 387 nec
1393 358 1530 406 pauca
1541 338 1759 388 Afrorum
1780 356 1823 387 et
1842 342 2187 405 Europaeorum

243 416 363 463 idola
381 432 404 460 a
422 414 546 476 Syris
576 425 807 473 vrcunque
834 425 1011 474 accepta
1036 406 1378 471 intelliguntur,
1415 409 1562 456 lucem
1593 410 1796 474 primum
1828 405 2037 473 aspexere
2070 412 2189 454 Lon-

242 484 341 530 dini
374 488 511 538 1617.
535 488 579 534 8.
607 479 769 525 deinde
789 477 841 524 ab
863 476 1044 525 auC'core
1073 479 1303 540 recognita
1331 472 1630 542 inscriptaque
1665 481 1777 524 Dan.
1800 475 1988 524 Heinfio
2010 477 2191 542 prodie-

243 566 348 599 runt
369 548 486 614 apud
509 552 692 595 Batauos
712 548 835 610 typis
859 546 1151 594 Elzeuirianis
1183 552 1321 601 1628.
1347 553 1388 601 8.
1421 561 1518 592 tum
1552 547 1598 592 in
1631 545 1875 593 Germania
1905 561 2006 591 cum
2028 545 2191 590 addita-

246 620 411 669 mentis
431 619 623 663 Andreae
649 618 824 677 Beyeri,
860 612 1135 663 Ecclefiastae
1155 611 1514 675 Freybergenfis.
1551 612 1724 678 Lipfiae
1753 617 1895 673 1672.
1923 622 1965 669 8.
2000 609 2195 675 denique

246 690 293 734 in
320 686 482 748 Belgio.
519 681 765 730 Amstelod.
804 689 939 737 1680.
965 691 1007 738 8.
1077 678 1366 731 conferenda
1391 680 1433 726 ὅ(
1453 685 1626 729 Antonii
1650 700 1733 729 van
1752 683 1855 729 Dale
1877 678 2116 732 dissertatio
2140 679 2195 726 de

247 756 425 816 origine
458 770 504 798 ae
538 747 771 816 progress'u
802 749 1080 796 idololatriae
1114 766 1161 794 ac
1197 745 1562 813 superstitionum
1598 752 1839 816 praecipue
1874 748 1991 814 apud
2023 747 2197 794 Iudaeos

246 840 336 869 vna
366 838 479 869 eum.
501 821 595 866 aliis
625 819 822 866 eiusdem
864 815 981 864 infra
1018 817 1432 870 commemorandis
1461 818 1650 879 vulgata.
1699 816 1946 866 Amstclod.
1979 823 2119 876 1696.
2146 830 2193 871 4.

247 893 481 938 Alexandri
502 886 660 950 Roſj'aei
682 887 903 951 templum
930 886 1338 932 iudaicoethnicum
1359 882 1460 949 post
1491 887 1707 948 anglicas,
1739 887 2005 949 gallicasque
2031 885 2073 931 ὅ(
2104 899 2199 945 ger-

247 960 442 1006 manicas
466 957 685 1003 editiones
705 951 834 1018 supra
854 971 952 1018 pag.
974 969 1080 1014 319.
1111 969 1484 999 commemoratas
1509 971 1608 1001 cum
1631 953 1821 1018 copiofis
1847 955 2028 1000 Danielis
2040 955 2197 998 Ni’rre-

246 1033 336 1073 teri
363 1025 674 1071 additamentis
698 1024 955 1083 germanice
977 1020 1118 1067 tribus
1146 1020 1458 1067 voluminibus
1489 1023 1535 1068 in
1558 1019 1706 1068 forma
1731 1019 2000 1085 ostopartita
2024 1019 2199 1066 editum

248 1093 586 1153 Norimbergae
615 1104 751 1149 1701.
782 1104 918 1148 1703.
942 1105 984 1135 et
1014 1105 1152 1150 1707.
1176 1104 1218 1135 et
1250 1087 1485 1136 Abrahami
1518 1093 1681 1155 Rogeri
1715 1090 1844 1136 ianua
1873 1103 2023 1153 aperta
2050 1087 2104 1133 ad
2133 1103 2199 1131 ar-

249 1179 353 1209 cana
375 1157 634 1209 Gentilismi
658 1175 745 1205 vna
773 1175 874 1204 cum
898 1156 1181 1222 Christophori
1197 1157 1376 1202 Arnoldi
1410 1157 1721 1204 additamentis
1753 1157 1911 1205 itidem
1941 1155 2199 1219 germanice

247 1227 448 1291 vulgata,
484 1229 528 1274 in
553 1225 714 1291 quibus
736 1225 860 1272 libris
886 1242 978 1272 non
1002 1241 1209 1271 veterum
1232 1239 1427 1277 tantum,
1464 1222 1538 1271 sed
1570 1227 1703 1271 etiam
1736 1227 1986 1271 recentium
2010 1261 2023 1280 ‚
2057 1222 2198 1269 maxi-

249 1316 323 1345 me
346 1298 550 1359 gentium
587 1295 901 1346 orientalium,
955 1292 1208 1339 idololatria
1241 1309 1287 1338 ac
1318 1289 1651 1356 superstitiones
1685 1284 1992 1356 exponuntur.
2092 1293 2200 1336 Prae

249 1367 431 1412 caeteris
453 1365 620 1410 eminet
642 1360 755 1407 liber
776 1362 946 1408 Gallice
969 1361 1174 1420 vulgatus
1197 1358 1365 1404 Parifiis
1390 1373 1530 1417 1710.
1551 1374 1623 1406 12.
1648 1374 1838 1420 quaruor
1860 1355 2200 1415 voluminibus:

247 1434 463 1496 I'Histolre
484 1435 552 1477 des
575 1431 782 1493 Religioni
805 1430 853 1472 de
873 1441 966 1472 tous
987 1428 1046 1472 les
1065 1429 1301 1487 Royaumes
1331 1427 1387 1470 dn
1407 1428 1572 1477 monde,
1601 1426 1750 1483 rev'ut',
1778 1426 1983 1490 corrzge'e,
2007 1441 2202 1489 augmen·
2250 1465 2258 1475 .-

248 1504 311 1548 τέο
335 1514 376 1546 et
403 1499 498 1560 mis&
519 1501 621 1544 dans
643 1514 699 1542 un
731 1496 919 1542 meilleur
939 1496 1079 1540 Ordre
1096 1508 1186 1560 par
1207 1494 1241 1538 le
1252 1491 1537 1553 SieurJouet‚
1552 1493 1785 1539 Chauoine
1805 1493 1860 1539 de
1883 1497 2021 1546 Laon,
2046 1493 2203 1538 Prieur

250 1570 306 1616 de
334 1565 640 1614 manich-atel?
723 1567 934 1611 Ceterum
975 1579 1056 1609 nec
1096 1561 1392 1607 iniucundum
1425 1558 1668 1608 lefi'toribus
1708 1559 1869 1606 nostris
1899 1557 1999 1606 fore
2038 1559 2201 1605 iudica-

253 1654 378 1690 mm,
414 1635 442 1681 fi
463 1651 560 1689 eos,
583 1634 675 1696 qui
699 1632 752 1678 de
776 1630 1046 1692 lingularum
1071 1631 1273 1690 gentium
1301 1631 1400 1674 Diis
1420 1643 1463 1675 et
1484 1630 1731 1690 generatim
1758 1644 1799 1675 et
1836 1627 2057 1690 sigillatim
2083 1643 2204 1673 com-

253 1705 441 1752 mentati
465 1699 585 1753 suut,
622 1697 861 1762 scriptores
883 1694 1199 1743 recenseamus.
1275 1699 1345 1742 De
1368 1699 1578 1759 ,Syrorum
1601 1698 1739 1757 igitur
1758 1698 1855 1741 Diis
1882 1707 2200 1757 argumentum

252 1768 580 1836 pertra'e'iarunt
601 1768 833 1832 Stephanus
859 1768 1087 1810 fourmont
1110 1766 1155 1810 in
1178 1763 1294 1809 libro
1315 1765 1496 1825 gallico:
1537 1762 1794 1809 Refiexions
1811 1764 2020 1825 critiques
2043 1759 2115 1808 sur
2138 1762 2200 1807 les

254 1837 481 1887 Histoires
507 1836 581 1882 des
601 1836 779 1880 anciens
802 1833 1003 1897 Peuples.
1035 1836 1092 1879 T.
1115 1849 1152 1877 1.
1175 1835 1224 1878 L.
1243 1848 1280 1878 ι.
1302 1848 1336 1876 c.
1357 1845 1425 1878 11.
1449 1847 1490 1894 p.
1517 1843 1628 1887 294.
1656 1827 1747 1892 sqq.
1770 1829 1811 1874 ἅ
1837 1832 1913 1876 Iac.
1937 1831 2132 1893 Sponius
2154 1830 2201 1874 in
2243 1855 2246 1857 Δ

255 1903 546 1955 miscellaneis
571 1902 767 1948 eruditae
793 1901 1065 1964 antiquitatis
1086 1917 1129 1965 p.
1155 1915 1227 1957 59.
1254 1895 1346 1962 sqq.
1415 1897 1651 1958 Sigillatim
1674 1897 1727 1942 de
1748 1900 1945 1942 Rimmon
1966 1903 2081 1958 Aug.
2103 1895 2204 1942 Cal·
2241 1941 2244 1944 ,

257 1990 351 2022 met
377 1978 481 2019 Lex.
511 1969 662 2016 Biblic.
687 1973 744 2014 T.
772 1984 808 2028 3.
841 1986 885 2032 p.
910 1976 1019 2029 798.
1055 1968 1108 2013 de
1133 1968 1226 2012 Gad
1243 1982 1284 2012 et
1306 1969 1428 2012 Meni
1448 1965 1595 2010 Dauid
1624 1965 1797 2009 Millius
1831 1962 2035 2010 differ-tat.
2057 1961 2200 2010 sele&
2245 1974 2249 1977 '

257 2061 302 2109 p,
330 2057 438 2102 229.
460 2036 553 2101 sqq.
611 2040 744 2083 VIoan.
768 2039 937 2096 Georg.
962 2037 1089 2081 Koch
1126 2034 1167 2080 ἃ
1194 2031 1412 2079 Gustauus
1435 2036 1603 2093 Georg.
1632 2033 1868 2078 Zeltuerus
1892 2030 2202 2078 dissertationi·
2245 2089 2249 2095 ,

259 2112 342 2158 bus
366 2109 420 2155 de
438 2109 828 2173 hoc-argumento.
867 2106 996 2148 lenae
1031 2106 1164 2159 ¹687·
1189 2115 1231 2146 et
1254 2099 1434 2146 Altorfii
1464 2116 1600 2160 ¹7¹5·
1630 2100 1868 2160 euulgati3‚
1906 2117 1953 2146 ac
1986 2103 2018 2146 Ι.
2045 2102 2100 2146 G.
2121 2103 2203 2145 La·
2240 2153 2244 2161 Υ

260 2179 557 2227 kemacherus
591 2169 765 2217 observ.
793 2170 1012 2234 philolog.
1037 2173 1095 2214 T.
1113 2171 1196 2215 JV.
1220 2184 1263 2232 p.
1301 2182 1368 2226 19.
1439 2171 1509 2214 De
1537 2170 1656 2214 Adar
1689 2166 1778 2214 fiue
1799 2168 2071 2231 AchadtDau.
2093 2166 2200 2213 Mil-

259 2247 346 2293 lius
381 2240 545 2292 differt.
577 2238 649 2286 sel.
679 2256 722 2303 p.
745 2242 857 2296 265.
889 2235 980 2300 sqq.
1034 2237 1232 2300 Campei.
1266 2238 1472 2297 Vitringa
1519 2253 1683 2282 comm.
1722 2239 1769 2282 in
1805 2232 1983 2282 Iesaiam
2014 2237 2201 2300 cap.66.
2242 2238 2247 2239 ⁷

262 2332 309 2366 v.
339 2331 410 2377 17.
447 2326 489 2360 et
521 2313 651 2357 Ionas
672 2310 809 2353 Conr.
831 2307 1135 2353 Schrammius
1155 2301 1468 2354 diss'ertatione.
1504 2301 1751 2352 Helmstad.
1775 2318 1910 2367 1734.
1934 2303 2063 2350 edita.
2130 2305 2202 2348 De

2094 2370 2203 2417 Baal
2260 2385 2263 2415 ,1

318 2480 356 2510 ²8
383 2473 648 2532 Iniquifflmam
676 2471 956 2526 imputationem
983 2470 1102 2524 plagii
1128 2470 1165 2509 r'n
1192 2470 1297 2510 Petri
1323 2468 1434 2509 Fabri
1453 2467 1647 2522 semestria
1672 2463 1844 2518 commff
1859 2465 2035 2506 seldenus
2058 2464 2202 2519 refellit
2258 2492 2260 2496 -

262 2525 507 2590 praefiitione'
518 2533 607 2572 edit.
621 2529 829 2582 secundae,
858 2527 1035 2579 testatus,
1056 2540 1099 2564 ne
1119 2523 1237 2576 vistim
1259 2527 1430 2578 quidem,
1463 2538 1578 2579 quum
1592 2523 1838 2577 syntagmata
1859 2520 1936 2572 sita
1963 2530 2200 2572 componeret,
2258 2547 2259 2552 ,

265 2591 374 2630 Fabri
398 2591 556 2632 librum3
586 2585 649 2625 sed
669 2583 817 2638 postea,
843 2584 988 2635 inquit,
1022 2579 1188 2635 inspecto
1209 2581 1349 2625 Fabi-0,
1390 2582 1480 2619 lieet
1507 2581 1617 2632 plura
1639 2576 1725 2617 sane
1747 2576 1792 2615 de
1811 2576 1973 2615 numine
1995 2590 2069 2615 vno
2095 2588 2132 2615 et
2153 2577 2202 2615 al·
2256 2586 2259 2595 ¹

268 2655 348 2684 tero
371 2644 576 2695 Syrorum,
608 2641 670 2680 sed
701 2636 935 2679 tumultuose
970 2636 1055 2676 satis
1087 2650 1176 2675 cum
1207 2638 1442 2675 Graecorum
1469 2634 1644 2683 sacris‚iu
1665 2633 1802 2685 primis
1824 2641 1989 2684 quatuor
2007 2632 2196 2684 capitibus

269 2699 500 2751 reperiamus
516 2725 524 2741 ‚
555 2710 598 2734 ca
614 2708 744 2734 tamen
769 2696 821 2733 im
842 2694 940 2733 tradi
956 2725 965 2739 ‚
997 2704 1110 2745 atque
1133 2707 1152 2731 a
1173 2691 1309 2730 nostris
1330 2692 1382 2731 ita
1402 2689 1610 2743 discrepare
1629 2694 1697 2728 ὄις.
1765 2688 1913 2725 Ioannis
1935 2688 2066 2724 Clerici
2086 2686 2202 2739 obstr·
2254 2724 2255 2737 ἢ

268 2754 435 2794 untiones
455 2752 632 2802 quaedam
659 2753 696 2787 in
722 2750 864 2789 Seldeni
893 2749 1027 2788 librum
1057 2746 1202 2799 exstant
1228 2748 1269 2786 T.
1295 2759 1333 2799 7.
1366 2746 1456 2785 ssihl.
1470 2742 1623 2799 selec‘Jae
1637 2754 1722 2796 pag.
1742 2751 1805 2784 80.
1826 2740 1933 2794 quq.
1990 2743 2113 2779 Editio
2135 2754 2203 2780 me-

268 2811 341 2849 lior
359 2806 409 2846 ab
424 2804 570 2844 anelare
585 2802 660 2853 ipsi)
681 2818 726 2840 ex
744 2807 818 2841 eius
853 2804 1078 2856 autographo
1113 2804 1255 2842 ηιιέῖἑω·
1278 2801 1472 2840 exhibetur
1502 2802 1542 2838 in
1573 2801 1680 2838 Tomo
1702 2799 1821 2849 primo
1843 2795 1990 2850 operum
2012 2797 2090 2836 eius
2109 2797 2203 2837 Lan·
2252 2787 2254 2803 ¹

272 2863 352 2905 dini
371 2865 489 2918 1726.
501 2857 601 2914 folio
622 2857 743 2897 tribus
763 2852 1006 2898 voluminilms
1023 2874 1046 2898 a
1066 2859 1218 2899 Dauide
1242 2855 1429 2909 lf'ilkinsto
1451 2856 1602 2895 iunctim
1620 2854 1811 2892 editarum.
2222 2851 2227 2855 '
