2263 3027
205 58 307 124 462
723 103 730 107 ,,
776 59 780 63 ·
821 47 973 102 CAP.
1012 47 1070 100 x.
1150 46 1325 100 rias
1357 44 1426 103 ir.
1451 47 1501 102 A
1557 70 1563 90 2

202 178 462 232 nuariaead-
479 181 535 234 L.
557 175 671 227 vnd.
695 177 746 226 C.
770 177 826 225 de
849 175 1081 223 oblatione
1103 187 1321 225 votorum
1340 173 1417 224 lib.
1450 180 1522 227 12'.
1543 173 1762 228 Witemb.
1794 179 1938 238 1657,
1957 193 2001 237 4.
2039 178 2153 226 Imm.

203 251 426 300 Strauchii
448 247 668 296 Kalendae
691 250 780 296 Ian.
800 245 854 292 ad
875 243 1002 292 eand.
1025 243 1188 306 Iegem.
1211 241 1414 293 Brunsw.
1440 252 1584 305 1667,
1608 261 1652 304 4.
1676 243 1809 291 lulius
1830 245 1988 307 Caefizr
2008 250 2154 294 Bulen-

200 336 334 387 germ
361 317 438 369 lib,
460 331 502 366 2.
532 333 565 363 c.
583 321 659 376 2'7.
694 315 750 362 de
773 318 982 379 Imperat.
1005 314 1139 362 Rom.
1165 311 1427 374 Castmbonus
1443 313 1497 359 ad
1517 313 1743 360 Athenaei
1766 315 1848 372 111,
1874 322 1949 370 18.
1985 314 2063 362 vbi
2097 316 2155 362 de

207 384 471 436 nominibus
489 383 683 446 ἐπινομῖς
708 398 752 430 et
773 378 1065 450 ἐυαςχισμὲς.
1097 379 1250 447 Philip.
1267 381 1430 443 Horslii
1450 378 1730 428 Schediasma
1757 380 1814 427 de
1835 379 1992 428 strenis
2015 384 2156 429 votis·

209 471 296 518 que
318 454 545 505 Ianuariis.
566 455 653 499 len.
674 457 817 515 1632,
836 467 883 513 4.
915 449 1146 515 Chrtstiani
1170 451 1285 496 Frid.
1305 450 1651 512 Franckensteinii
1676 446 1769 496 diff.
1801 449 1857 496 de
1888 465 2011 496 nouo
2033 466 2153 496 anno

208 519 332 587 Lips.
357 529 500 584 1673,
524 540 566 582 4,
588 535 719 583 atque
743 520 942 568 Martini
964 518 1173 584 inprimis
1195 519 1358 582 Lipenii
1376 515 1620 564 strenarum
1644 517 1849 564 ciuilium
1881 533 1923 564 et
1947 516 2155 565 Ecclesia-

208 589 416 637 sticarum
447 588 644 646 Historia
667 583 785 652 Lips,
815 588 952 647 1670,
970 594 1109 648 1677,
1131 599 1176 646 4.
1197 600 1240 631 et
1258 588 1401 632 Tom.
1416 602 1491 636 12,
1515 583 1710 633 thesauri
1730 587 1993 633 Graeviani:
2017 583 2155 632 Iacobi

208 657 337 706 Iunck
357 657 704 706 Xeniothecion,
725 654 886 705 Colon.
915 660 1116 712 -1683,4.
1152 655 1335 702 Hieron.
1358 653 1513 714 Bqffins
1532 652 1785 700 Ticinenfis
1805 652 1862 699 de
1881 652 2037 710 strena,
2052 657 2157 700 *Me-

202 725 376 786 diolan,
406 728 547 781 1624,
575 730 616 779 8.
637 738 679 771 et
702 725 748 770 in
769 722 1004 783 Sallengrii
1025 736 1148 768 nouo
1171 718 1406 768 Thesauro
1433 723 1586 785 Antiq.
1609 724 1813 770 Rom.T.
1829 734 1874 769 2·
1896 738 1993 786 pag.
2015 734 2155 782 1393.

215 794 427 840 Theodori
448 793 646 838 Marc-ilii
659 790 860 840 Historia
884 788 1143 843 strenarum,
1168 789 1448 836 orationibus
1469 786 1729 836 aduersariis
1742 804 1785 836 et
1808 792 2006 836 carmine
2017 790 2158 854 expli-

213 875 304 909 cata
324 857 456 912 Paris.
487 875 626 920 1599,
656 869 763 913 8v0,
797 857 959 921 quibus
981 857 1092 904 adde
1115 855 1384 904 succinEIatn
1406 855 1651 904 strenarum
1674 856 1926 905 Historiam
1949 857 2159 904 traditam

212 929 387 977 Gallice
418 947 442 977 a
466 931 631 975 Renato
660 927 821 992 Iofi‘pho
850 928 1104 972 Tur-nemine
1132 928 1174 972 S.
1199 927 1227 970 I.
1260 927 1307 971 in
1347 928 1582 972 memoriis
1617 926 1846 972 litterariis
1874 925 2158 972 Treuoltinis

214 999 338 1044 Anni
367 1011 506 1059 1705,
528 1012 629 1059 pag.
661 1007 761 1043 102.
786 991 1286 1041 edirpAmstclodJoan.
1319 993 1520 1056 Baptistae
1537 994 1681 1052 Vrslizti
1700 991 1944 1055 Epistolam
1966 994 2019 1038 ad
2034 991 2161 1040 Guil.

216 1065 472 1112 Antonium
497 1066 680 1111 ScOtum
706 1058 913 1117 insertam
938 1061 1093 1107 Diario
1119 1059 1403 1106 eruditorum
1426 1059 1571 1105 Italiae
1599 1063 1657 1108 T.
1674 1075 1748 1122 35.
1773 1075 1819 1122 p.
1844 1075 1907 1119 79
1930 1057 2025 1124 sqq.
2065 1062 2160 1105 Sta·

214 1132 338 1179 nislai
356 1131 572 1177 Santinelli
594 1125 943 1177 dissertationem
974 1127 1028 1173 de
1052 1125 1218 1177 strenis,
1248 1125 1305 1172 ib.
1330 1144 1370 1190 p.
1395 1140 1461 1183 90
1481 1123 1820 1190 sq.Strenarum
1852 1130 1972 1174 varia
1997 1142 2161 1189 genera

213 1196 496 1264 persequitur
520 1196 651 1248 Jacob.
675 1203 852 1262 Aponim
884 1199 930 1242 in
958 1193 1154 1259 Epistola
1175 1190 1336 1248 inserta
1359 1199 1513 1240 Tomo
1535 1210 1580 1256 9.
1614 1192 1836 1241 Thesauri
1860 1195 2160 1246 Gronouiani,

212 1285 260 1333 p:
283 1282 393 1328 205.
423 1280 466 1312 et
494 1267 540 1312 in
574 1265 690 1312 libro
712 1264 911 1315 Gallice,
934 1263 1188 1310 Recherches
1210 1262 1416 1323 curiensi-5
1435 1261 1713 1325 d'AnticJuitc‘,
1737 1279 1778 1325 p,
1793 1269 1887 1323 485
1904 1260 1998 1326 sqq.
2013 1264 2161 1326 Stipis',

216 1351 352 1398 quam
375 1333 572 1398 populus
594 1331 762 1378 strenae
785 1332 888 1376 Ioco
911 1330 1039 1377 dabat
1063 1329 1428 1394 Iinperatoribus,
1454 1332 1625 1377 mentio
1653 1326 1806 1396 paffim
1832 1328 1880 1375 fit
1901 1347 1923 1375 a
1946 1331 2159 1376 Suetonio

215 1417 260 1449 et
283 1403 447 1455 Dione,
475 1414 518 1446 et
542 1401 588 1447 in
610 1396 838 1446 veteribus
862 1394 1236 1462 inscriptionibus
1255 1397 1374 1461 apud
1397 1400 1646 1446 Gruterum
1671 1414 1721 1461 p.
1749 1404 1856 1454 106.
1877 1400 2060 1444 Numus
2073 1403 2161 1443 An-

219 1471 428 1517 tonianus
441 1468 550 1515 noui
563 1469 665 1515 anni
681 1464 873 1531 auspicia
884 1465 1101 1512 exhibens
1117 1481 1169 1513 ex
1183 1464 1888 1513 BibliothecaCardmalisCamiIli
1902 1468 2046 1512 editus
2058 1464 2164 1510 illu-

217 1535 463 1600 stratusque
485 1554 508 1582 a
529 1535 741 1588 Bellorio,
765 1537 932 1583 Rornae
963 1540 1103 1592 1676,
1130 1541 1174 1588 8.
1198 1532 1383 1597 prodiit.
1418 1537 1672 1581 Lucernam
1691 1530 1996 1598 sepulcralem,
2017 1534 2163 1596 inqua

215 1602 420 1651 ViEIoria
440 1617 560 1650 tenet
589 1603 802 1667 clypeum
822 1603 1034 1648 votiuum
1059 1617 1160 1649 cum
1186 1601 1256 1647 his
1278 1601 1452 1650 verbis:
1471 1618 1580 1648 anno
1604 1618 1711 1649 nouo
1722 1601 1905 1667 fimstnm
1925 1603 2063 1667 felix,
2088 1612 2162 1646 e'x-

217 1671 377 1719 hibent
400 1669 510 1718 Asta
530 1671 760 1719 Erudstor.
787 1678 876 1725 169
890 1685 929 1720 2.
951 1686 992 1733 p.
1020 1676 1127 1719 226.
1165 1668 1339 1716 Paullus
1362 1669 1618 1717 Alexander
1637 1666 1832 1716 Maffeus
1851 1671 1969 1731 parti
1988 1669 2162 1731 primae

218 1756 427 1786 veterum
451 1755 735 1800 gemmarum
756 1755 802 1803 p.
823 1757 840 1784 1
858 1753 913 1799 13
930 1733 1026 1801 sqq.
1047 1733 1279 1783 subiunxit
1299 1734 1627 1799 expolitionem
1650 1733 1843 1798 crystalli
1863 1737 2028 1781 veteris
2057 1748 2162 1779 cum

220 1808 302 1853 hac
326 1804 643 1870 inscriptione:
677 1823 832 1852 annum
859 1804 1205 1868 nouumfaustmn
1220 1818 1445 1869 perennem
1457 1803 1622 1865 felicem
1645 1805 1917 1868 Imperatori.
1969 1802 2162 1847 Andreae

219 1876 277 1920 du
295 1874 441 1933 Chefize
466 1875 691 1919 lanuariae
710 1869 947 1925 Kalendae,
968 1870 1043 1919 seu
1064 1873 1118 1918 de
1137 1869 1433 1917 sollemnitate
1459 1871 1569 1915 noui
1588 1872 1693 1915 anni
1711 1886 1803 1915 tam
1824 1871 1999 1916 ethnica
2025 1885 2160 1932 quam

221 1940 469 1994 christiana,
491 1940 774 2004 prodierunt,
806 1950 948 2003 1602,
979 1953 1046 1988 12.
1081 1943 1150 1984 De
1172 1954 1239 1989 e0,
1264 1938 1387 2000 quod
1408 1935 1570 1983 iustum
1593 1936 1651 1983 est
1676 1938 1788 1983 circa
1813 1937 2162 1984 votanouianni

223 2006 403 2057 consule
426 2008 629 2072 Philippi
651 2008 862 2053 Richardi
882 2006 1152 2052 Schroedori
1174 2003 1538 2053 disier-tationem.
1556 2007 1858 2066 Regionionte
1893 2019 2027 2064 1721.
2066 2005 2162 2050 Pri-

222 2094 323 2124 mus
346 2078 451 2122 anni
471 2076 565 2122 dies
590 2073 782 2138 μεγάλη
817 2077 1016 2135 vovum-loa
1037 2088 1079 2120 et
1100 2071 1343 2134 πάγκοινος
1363 2073 1488 2139 ἑορτὴ
1507 2075 1722 2118 Romanis
1744 2089 1926 2136 quoque
1956 2071 2097 2119 festus'
2118 2084 2162 2118 et

223 2145 319 2191 aliis
343 2143 570 2204 gentibus-0
612 2138 786 2188 Confer
806 2144 1003 2187 Ouidium
1019 2158 1070 2200 J„
1092 2138 1305 2187 fastorum
1338 2151 1427 2203 167
1441 2138 1526 2203 seq.
1555 2148 1663 2199 176,
1692 2147 1800 2197 1853
1822 2140 2059 2187 Tibullum
2085 2138 2160 2194 111,

231 2228 273 2261 1.
312 2213 509 2275 Valefium
533 2211 586 2256 ad
609 2213 819 2256 Ammiani
833 2212 1009 2264 XXIII,
1038 2226 1078 2257 Ι.
1114 2206 1279 2255 Libanii
1300 2207 1516 2273 ἕκφροισιν
1542 2204 1781 2258 Καλανδῶν
1813 2202 1949 2255 Tom.
1980 2223 2018 2261 1,
2039 2211 2161 2271 Ope-

223 2297 326 2327 rum
351 2297 395 2343 p.
413 2287 518 2338 178.
548 2282 800 2343 Procopium
823 2276 902 2327 lib.
935 2291 973 2323 1.
997 2292 1030 2323 e.
1050 2290 1123 2325 10.
1158 2277 1214 2322 de
1234 2276 1445 2323 aedificiis
1467 2278 1629 2322 domus
1656 2274 1904 2333 Iustiniani,
1937 2275 2013 2321 vbi
2031 2278 2074 2321 'is
2093 2290 2163 2323 re-

226 2346 328 2402 fert,
343 2349 541 2399 Calendis,
561 2346 778 2393 Ianuariis
799 2346 1067 2391 Senatumin
1090 2347 1259 2391 curiam
1280 2346 1625 2391 conuenientem
1641 2345 1827 2394 {i‘c'avroi
1848 2340 1996 2410 ἑορτὴν
2019 2340 2163 2404 οἴγειν.

225 2420 294 2462 De
321 2416 586 2462 Iudaeorum
600 2410 749 2476 Roi'ch
767 2410 1014 2464 haschanah
1041 2410 1388 2478 diximus'supra
1414 2430 1458 2475 p.
1474 2428 1588 2475 435,
1609 2413 1662 2458 de
1687 2412 1845 2475 quibus
1867 2430 1887 2458 a
1911 2412 2019 2456 noui
2055 2411 2163 2458 anni

226 2486 377 2546 primo
402 2484 473 2529 die
495 2482 548 2528 ad
570 2479 732 2528 festum
754 2482 1023 2545 expiationis
1048 2478 1090 2527 se
1112 2481 1477 2546 praeparantibus
1515 2477 1715 2525 consules
1737 2479 1796 2529 lo.
1822 2482 2048 2526 Morinum
2074 2478 2100 2523 I.
2115 2493 2163 2538 9,

228 2551 284 2595 de
316 2555 600 2597 Sacramento
629 2550 936 2614 poenitentiae
964 2545 1055 2613 cap.
1083 2555 1160 2612 34.
1197 2546 1441 2596 Chinenses
1463 2545 1670 2612 tempore
1706 2548 1810 2593 anni
1834 2548 2049 2592 vertentis
2069 2561 2162 2591 non

225 2613 379 2662 ferunt
406 2619 529 2663 domi
551 2615 650 2665 suae
661 2619 970 2682 peregrinum,
991 2633 1049 2666 ne
1070 2614 1302 2666 fortunam
1315 2618 1421 2666 anni
1439 2612 1600 2665 futurii
1617 2611 1801 2669 auferat,
1851 2615 1967 2662 Vide
1989 2618 2162 2661 Lettres

232 2680 459 2731 edifiantes
478 2688 539 2736 T.
558 2699 574 2731 1
589 2700 628 2746 3.
649 2702 696 2750 p.
713 2702 736 2748 3
754 2702 765 2734 ι
782 2696 824 2738 8.

2092 2748 2163 2793 De
