2263 3027
201 90 297 140 808
720 77 872 129 CAP.
910 77 1044 130 XVr.
1076 88 1081 93 ’
1141 79 1233 131 DE
1268 76 1611 131 MENSVRIS

198 204 442 272 Papafauae
469 203 689 252 decisione
712 205 867 251 contra
889 219 1067 252 montes
1090 206 1279 270 pietatis.
1347 207 1486 253 Paulli
1508 206 1954 270 IacobiMarpergeri
1973 208 2139 258 librum

198 277 453 339 germanice
483 274 769 322 editum-rou
800 272 914 336 ieib:
946 274 1154 337 OEffistengs
1182 281 1269 324 uno
1301 275 1619 337 ,ίρὑῑῖῦῐρᾰιιῐετιι
1641 311 1656 331 ,
1708 273 2030 337 ξερηῢαιιηιὶεηῑ
2053 283 2138 328 unb

196 344 442 396 lombutbss.
467 340 637 406 Lipsiae
667 356 722 402 17
739 359 748 387 i
767 358 805 403 ς.
828 349 871 396 8.
896 356 939 388 et
960 339 1282 389 dissertationes
1303 343 1764 390 Nicolai·Colbrandi.
1786 349 1971 405 Argen't.
2000 357 2139 402 1670.

197 413 349 460 Nicol,
375 412 576 458 Martini.
598 410 769 456 Kilonii
793 417 932 467 1688.
1005 410 1119 457 Rud.
1146 410 1322 458 Christi.
1343 408 1561 460 Geckelii.
1585 410 1764 459 Altorfii
1789 419 1932 474 1699.
1962 428 2004 459 et
2025 413 2140 458 Lud.

195 486 279 529 Iac.
299 481 476 528 Meieri.
499 475 672 527 Gielsae
700 492 841 542 1739.
1381 508 1396 520 .·
1425 511 1428 515 ,
1459 513 1463 521 .

328 620 494 664 XVIII.
535 616 790 678 Georgium
815 616 1074 679 Agricolam
1100 633 1193 663 non
1214 613 1311 663 satis
1333 633 1498 666 certam
1530 618 1750 665 rationem
1783 615 2080 679 meusim-arum
2099 616 2140 662 ‘et

188 687 425 754 ponderum
456 682 695 739 definiisse,
735 684 840 731 licet
876 686 1014 732 multa
1047 684 1147 750 post
1180 686 1288 732 alios
1317 687 1580 748 diligentior
1607 688 1928 733 examinauerit
1955 700 1998 731 et
2023 700 2141 731 noua

193 754 408 818 quaedam
430 753 673 807 addiderit,
711 754 868 801 mo‘net
889 756 1073 802 Latinus
1095 755 1295 801 Latinius
1314 771 1442 801 tomo
1470 754 1507 804 1⁷.
1539 754 1662 819 epist.
1692 771 1735 818 p.
1765 761 1872 814 386.
1898 751 1978 799 vbi
1999 751 2139 798 osten-

193 823 259 869 dit
288 820 522 869 constituta
553 822 680 887 pedis
715 824 908 869 Romani
936 838 1062 877 certa
1081 820 1285 868 mensura
1319 820 1457 878 “facile
1492 822 1576 869 csl'e
1605 841 1659 870 ex
1699 840 1747 869 ea
1781 838 1870 868 tam
1907 822 2139 868 aridorum

191 907 327 954 quam
360 891 641 953 liquidorum
677 886 904 937 mensuras
933 905 1070 936 certas
1101 888 1291 937 definire
1323 906 1455 954 atque
1490 893 1594 938 inde
1624 892 1882 956 ponderum
1903 891 2140 936 veritatem

192 959 395 1005 statuere.
460 962 529 1003 De
551 957 829 1021 ponderibus
854 976 900 1004 ae
924 955 1144 1004 mensuris
1168 958 1509 1014 Hebraeorum,
1548 964 1828 1007 Graecorum
1851 962 2140 1017 et.Romano-

191 1043 293 1073 rum
318 1022 500 1090 copiose
525 1022 717 1089 disputat
740 1025 1050 1090 Villalpandus
1071 1041 1180 1071 tom.
1206 1043 1245 1082 3.
1274 1029 1319 1071 in
1343 1028 1626 1074 Ezechielem
1648 1045 1692 1091 p.
1714 1044 1806 1089 433
1835 1023 1895 1089 sq.
1974 1025 2141 1086 Congii
2204 1064 2208 1068 .
2258 1062 2261 1093 3

176 1095 358 1141 Veteris
390 1092 579 1154 figuram
606 1089 952 1156 mensuramque
975 1092 1159 1138 exhibet
1182 1109 1225 1156 p.
1253 1105 1359 1151 501.
1431 1095 1559 1141 Alios
1580 1096 1635 1140 de
1658 1093 1876 1140 mensuris
1901 1111 1947 1140 ac
1970 1093 2142 1157 ponde·

189 1162 316 1208 ribus
346 1177 551 1208 veterum
581 1176 714 1223 quam
743 1160 967 1223 plurimos
987 1157 1237 1224 'script‘ores
1267 1161 1464 1207 laudauit
1489 1162 1602 1208 Phil.
1633 1160 1836 1207 Labbeus
1869 1163 1915 1206 in
1945 1176 2072 1224 parte
2098 1177 2138 1206 2.

189 1229 492 1277 bibliothecae
528 1228 757 1273 numariae
778 1261 788 1280 ‚
839 1227 1003 1291 quibus
1034 1231 1307 1276 recentiores
1337 1230 1584 1277 nonnullos
1614 1229 1779 1276 addere
1807 1228 1956 1281 liceat,
2002 1243 2052 1274 vt
2083 1228 2138 1274 de

189 1298 510 1344 Hebraeorum
532 1296 715 1358 quidem
739 1294 957 1342 mensuris
982 1297 1290 1343 Bernhardum
1321 1301 1468 1361 Lamy
1491 1301 1535 1343 in
1560 1314 1773 1361 apparatu
1793 1296 1844 1342 ad
1875 1299 1918 1353 S.
1941 1297 2137 1360 Scriptu-

189 1383 313 1423 ram,
347 1369 412 1411 Io.
439 1361 745 1411 Leusdenium
768 1366 816 1409 in
851 1364 1094 1428 philologo
1129 1365 1493 1412 hebraeo-mixto
1524 1364 1687 1415 dissert.
1711 1380 1773 1424 29
1794 1393 1809 1400 —
1845 1377 1933 1425 32.=
1987 1363 2140 1410 lmbo-

190 1449 344 1481 natum
369 1434 416 1479 in
436 1431 709 1478 bibliotheca
732 1431 871 1478 latino
886 1431 1117 1480 -hebraiea
1141 1450 1182 1498 p.
1202 1448 1296 1497 349
1315 1430 1374 1497 sq.
1431 1437 1514 1481 Iac.
1527 1434 1784 1481 Caluertum
1809 1434 1856 1478 in
1870 1431 2138 1496 Naphthali‚

189 1500 280 1549 fiue
302 1499 573 1549 colleffione
595 1499 650 1546 de
671 1499 821 1546 reditu
843 1500 998 1549 decem
1031 1500 1256 1556 tribuum,
1293 1502 1348 1549 de
1371 1500 1663 1549 conuerfione
1687 1502 1981 1553 Iudaeorum,
2018 1515 2061 1546 et
2081 1500 2137 1546 de

192 1568 414 1617 mensuris
434 1566 565 1615 sacris
585 1568 848 1615 Ezechielis
873 1569 1075 1616 Londini
1101 1576 1241 1631 1672.
1264 1587 1309 1632 4.
1379 1570 1654 1618 Richardum
1683 1568 2067 1617 Cumberlandum
2087 1570 2136 1614 in

192 1638 310 1684 libro
335 1638 508 1699 anglice
531 1638 652 1684 edito
679 1637 734 1683 de
754 1634 975 1684 mensuris
996 1653 1041 1684 et
1059 1638 1343 1702 ponderibus
1364 1638 1695 1686 Hebraeorum.
1710 1638 1911 1687 Londini
1931 1641 2068 1692 1686.
2094 1646 2132 1686 8.

187 1708 370 1752 Petrum
385 1707 563 1752 Eluium
591 1706 636 1750 in
650 1704 830 1752 Biblicis
853 1704 1073 1752 mensuris
1089 1707 1256 1754 cubicis
1267 1725 1369 1753 cum
1382 1710 1573 1754 Suecicis
1595 1702 2132 1768 collatis.Vpsal.1702.8.

189 1771 398 1836 aliosque.
468 1773 553 1820 Sed
577 1775 783 1818 omnium
808 1773 1088 1835 diligentiam
1110 1776 1218 1822 vicit
1239 1791 1281 1821 et
1294 1776 1348 1820 de
1361 1773 1580 1822 mensuris
1599 1788 1730 1836 atque
1741 1771 2018 1837 ponderibus
2039 1787 2131 1815 non

188 1841 506 1889 Hebraeorum
545 1856 743 1898 tanturn,
781 1838 855 1887 sed
884 1843 1070 1888 aliarum
1101 1859 1284 1906 quoque
1313 1844 1516 1903 gentium
1549 1856 1746 1888 accurate
1768 1855 1811 1886 et
1844 1836 2133 1886 eruditiffime
2205 1853 2211 1857 ’

191 1910 282 1970 egit
308 1908 538 1954 Eduardus
560 1909 859 1962 Bernhardus,
880 1911 1071 1971 Anglus,
1091 1911 1137 1955 in
1158 1909 1318 1955 tabulis
1339 1910 1472 1955 huius
1493 1910 1746 1970 argumenti
1773 1902 2131 1971 quaerecensen-

188 1992 261 2022 tur
280 1977 327 2021 in
355 1974 460 2021 asiis
483 1976 765 2021 eruditorum
789 1980 838 2021 Α.
871 1980 1011 2027 1686.
1032 1993 1130 2040 pag.
1158 1981 1267 2032 586.
1291 1991 1334 2022 et
1354 1978 1401 2021 in
1424 1975 1549 2023 libris
1575 1991 1614 2036 3.
1638 1976 1693 2022 de
1712 1972 1932 2022 mensuris
1954 1990 1997 2021 et
2015 1974 2130 2037 ‘pon-

189 2043 372 2090 deribus
391 2044 584 2105 antiquis
607 2043 683 2104 qui
707 2041 851 2087 lucem
873 2044 1075 2106 primum
1098 2041 1340 2106 adspexere
1363 2046 1536 2090 Oxonii
1571 2052 1705 2098 1686.
1731 2052 1773 2100 8.
1793 2059 1835 2090 et
1853 2041 2045 2089 secunda
2066 2044 2130 2088 vi-

188 2129 237 2158 ce
270 2109 414 2159 excusi
447 2107 547 2155 sunt
582 2109 688 2154 ibid.
729 2116 867 2163 1688.
900 2118 940 2164 8.
1012 2111 1221 2157 Eduardo
1245 2113 1504 2157 Bernhardo
1528 2112 1753 2174 iungenda
1783 2111 1998 2176 praeclari
2028 2110 2128 2155 Viri

186 2183 249 2225 Io.
266 2176 376 2243 Casp
405 2174 748 2224 Eisenschmidii
772 2177 824 2222 de
837 2177 1115 2240 ponderibus
1137 2193 1180 2224 et
1201 2176 1418 2225 mensuris
1433 2195 1638 2226 veterum
1648 2183 1975 2240 Romanorum,
1990 2183 2128 2224 Grae·
2197 2239 2199 2241 ι

189 2264 366 2299 corum,
406 2245 738 2297 Hebraeorum,
775 2261 855 2291 nce
877 2261 969 2291 non
989 2246 1045 2292 de
1067 2247 1221 2293 valore
1240 2249 1452 2310 pecuniae
1474 2250 1636 2302 veteris
1652 2245 1894 2312 disquisitio
1915 2261 2125 2297 accurata,

185 2321 370 2376 Argent.
394 2321 530 2369 1708.
556 2321 602 2368 8.
713 2314 1046 2363 Bartholomaei
1066 2316 1274 2361 Beuerini
1294 2313 1524 2377 syntagma
1555 2315 1607 2361 de
1629 2314 1916 2380 ,ponderibus
1938 2330 1981 2360 et
2003 2331 2124 2360 rnen-
2146 2360 2159 2369 „
2220 2336 2224 2338 ’

184 2381 318 2437 suris,
355 2382 475 2445 quod
510 2380 609 2445 post
638 2380 707 2426 bis
740 2382 978 2444 repetitam
1012 2383 1058 2427 in
1088 2383 1210 2428 Italia
1239 2383 1483 2430 editionem
1511 2385 1684 2447 prodiit
1711 2381 1882 2448 Lipsiae
1918 2396 2052 2444 ¹713.
2081 2389 2124 2437 8.

190 2468 290 2496 cum
315 2447 590 2513 praef-atione
618 2451 678 2493 Io.
702 2451 892 2510 Georgii
917 2449 1108 2496 Walchii
1130 2451 1177 2495 in
1207 2466 1291 2512 qua
1312 2447 1633 2514 sciagraphiam
1664 2454 1813 2515 operis
1841 2450 1895 2497 de
1922 2466 1970 2494 re
2005 2467 2124 2496 vete-

186 2534 285 2563 rum
322 2519 521 2562 num-aria
546 2515 749 2563 exhibet.
828 2519 1019 2579 Georgii
1051 2520 1265 2581 Hooperi
1295 2517 1409 2565 liber
1438 2521 1610 2581 anglice
1634 2520 1776 2566 editus
1797 2516 1875 2563 sub
1905 2518 1992 2563 hoc
2021 2520 2123 2564 titu-

188 2585 254 2629 lo:
292 2587 354 2628 An
375 2585 403 2631 I
402 2590 557 2646 nquivsy
575 2589 664 2629 into
689 2584 758 2631 the
767 2583 876 2646 state
900 2587 950 2649 of
961 2585 1030 2631 the
1051 2590 1217 2630 antient
1237 2587 1468 2648 meafitres,
1506 2586 1577 2633 the
1598 2591 1735 2639 Attic,
1770 2585 1839 2632 the
1859 2589 2024 2643 Roman
2042 2587 2126 2632 and

186 2652 393 2717 especially
414 2653 481 2696 the
502 2651 676 2712 Jewg'sh
689 2685 698 2702 ,
740 2653 842 2698 with
862 2670 916 2698 an
938 2654 1151 2718 Appendix
1170 2660 1416 2719 concerning
1436 2655 1507 2701 the
1528 2655 1596 2700 old
1619 2652 1788 2718 English
1812 2657 1976 2716 Money.
2002 2656 2122 2703 Lon·

188 2720 282 2765 dini
312 2731 451 2777 1721.
473 2725 516 2773 8.
586 2719 736 2765 Caroli
763 2719 1046 2768 Arbuthnoti
1063 2719 1244 2770 -tabulae
1271 2723 1562 2786 antiquorum
1592 2737 1863 2779 numorum,
1899 2719 2120 2772 mensura-

2016 2807 2117 2840 rum
2179 2845 2182 2847 Α
