2263 3027
893 96 1232 149 DECIMAE.
1636 95 1639 98 ·
1824 63 1826 65 1
1936 107 2037 160 769

96 223 248 302 postea
265 220 453 272 affensus
473 219 534 269 est
555 221 800 279 Miltonus‚
819 239 822 242 ’
834 237 1042 288 pugnant
1063 222 1191 272 Rich.
1216 223 1523 281 Montacutips
1544 219 1591 268 in
1615 221 1928 276 Decatevticis,
1947 218 2037 269 fiue

101 291 301 342 diatribis
328 307 454 356 upon
484 291 561 337 the
595 288 686 336 first
718 305 819 355 part
849 287 908 335 of
929 290 1006 337 the
1041 289 1126 337 late
1159 289 1351 355 History
1381 288 1440 337 of
1469 289 1616 336 titheS.
1645 287 1795 339 Lond.
1828 292 1969 339 1621.
1991 303 2038 350 4.

101 376 144 409 et
181 375 395 424 apparatu
431 359 484 404 ad
515 360 727 420 Origines
760 354 921 403 Eccles.
955 374 1055 422 pag.
1088 374 1185 421 254
1217 375 1261 406 et
1298 375 1406 409 tom.
1437 377 1481 406 2.
1514 356 1760 417 Originum
1794 373 1894 422 pag.
1934 371 2045 406 210.

63 436 69 439 “
99 428 286 489 Iacobus
307 427 487 490 Semple
509 425 625 472 libro
649 425 703 471 de
721 422 975 486 sacrilegiis,
1011 429 1236 488 Georgius
1252 422 1840 486 Carietonus,Cicestrienfis
1861 421 2044 488 Episco-

103 513 207 562 pus,
235 510 277 541 et
297 495 537 542 Cornelius
558 491 788 554 Burgefius
811 493 974 556 aliique
999 490 1238 557 scriptores
1271 495 1411 557 Angli
1441 493 1496 540 de
1515 492 1728 540 Dec'imis.
1780 491 2047 539 Richardus

69 621 71 624 ι
97 564 340 630 praecipue
363 561 582 625 Tillesley
605 559 1062 608 animaduersionibus
1091 561 1144 607 ad
1167 562 1345 608 Seldeni
1375 560 1623 609 Historiam
1656 561 1933 607 decimarum
1954 565 2047 608 An·

100 631 215 694 glice
243 631 372 677 editis
403 628 547 676 Lond.
580 635 718 678 1621.
740 646 781 690 4.
804 627 966 693 quibus
1001 627 1263 694 praemissus
1297 629 1358 676 est
1395 629 1630 690 Catalogus
1657 631 1837 677 LXXII.
1863 625 2051 692 scripto-

42 736 44 738 .
101 716 205 746 rum
235 699 311 761 qui
339 712 440 744 ante
470 698 598 748 A‚.·C.
644 712 781 756 ¹215·
813 694 1021 750 fuerunt,
1067 712 1110 743 et
1136 699 1202 744 ius
1232 699 1450 743 Diuinum
1488 697 1762 743 decimarum
1787 692 2052 758 agnoscunt.

99 770 173 813 De
193 767 369 826 origine
393 779 435 810 et
458 765 556 810 iure
580 765 870 811 Decimarum
891 767 939 810 in
962 767 1207 811 Germania
1227 765 1399 829 prodiit
1422 762 1659 811 differt-atio
1682 768 1852 826 Georg.
1873 763 2054 811 Ludov.

99 834 353 881 Boehmeri.
387 833 660 893 Goettingae
703 847 844 896 1749.
914 829 1409 897 Hermanni'Adolphi
1450 832 1684 879 Meinders
1718 829 1957 878 dissertatio
1997 830 2055 877 de

105 902 284 963 origine
305 915 348 946 et
369 901 463 946 iure
488 899 763 946 decimarum
787 903 833 946 in
858 902 1102 948 Germania
1122 897 1352 947 subiunPta
1370 900 1431 948 est
1453 903 1547 947 eius
1576 901 1705 964 operi
1735 900 1789 945 de
1810 899 1918 945 statu
1947 898 2055 945 reli-

103 970 252 1031 gionis
285 983 328 1014 et
354 966 627 1031 reipublicae
656 970 703 1014 in
737 966 1019 1033 Westphalia.
1057 970 1335 1031 Lemgouiae
1371 984 1512 1027 1714.
1542 982 1588 1029 4.
1689 962 1833 1013 Laicis
1864 966 2057 1012 decimas

102 1034 463 1102 percipientibus
482 1033 891 1100 „conceffa‘facultas
911 1034 998 1083 fuit
1029 1054 1052 1083 a
1078 1039 1118 1083 S.
1140 1037 1376 1084 Ludouico
1406 1034 1577 1083 Galliae
1605 1037 1727 1097 Rege
1760 1051 1829 1081 eas
1868 1031 2057 1081 ecclesiis

103 1104 306 1156 cedendi,
335 1103 441 1150 vide
469 1106 749 1150 Martenium
771 1121 883 1153 tom.
912 1120 950 1153 1.
971 1104 1316 1152 Anecdotorum
1337 1122 1436 1169 pag.
1462 1105 1603 1153 1126.
1626 1121 1647 1150 a
1672 1099 1908 1150 Bonifacio
1932 1103 2063 1147 VIII.

103 1168 388 1237 permissum,
439 1171 631 1219 decimas
674 1190 756 1237 per
795 1172 1032 1220 biennium
1064 1173 1216 1235 colligi
1249 1191 1302 1221 ex
1343 1172 1476 1225 bonis
1519 1168 1811 1219 ecclesiasticis
1844 1172 1890 1216 in
1927 1168 2060 1230 regni

106 1240 278 1288 Galliae
304 1235 571 1294 subfidium3
607 1239 728 1286 idem
764 1240 873 1288 ibid.
898 1258 1006 1305 pag.
1035 1248 1158 1296 1286
1184 1257 1227 1294 et
1259 1255 1399 1296 1290.
1468 1243 1537 1286 De
1566 1245 1685 1287 nonis
1711 1254 1755 1286 et
1782 1240 1950 1284 decimis
1977 1234 2058 1282 sub
2093 1277 2097 1280 .

84 1366 87 1369 ι
109 1307 275 1354 Carolo
300 1309 363 1355 Mi
388 1320 431 1350 et
452 1304 640 1368 posteris
666 1305 879 1369 frequens
902 1309 1087 1356 mentio,
1154 1309 1370 1355 Videatur
1394 1308 1435 1353 le
1457 1309 1620 1353 Cointe
1640 1323 1750 1354 tom.
1767 1320 1807 1364 ς.
1823 1323 1867 1370 p.
1883 1314 1979 1362 659
1994 1300 2059 1366 sq.

108 1390 152 1421 et
173 1389 284 1418 tom.
305 1388 348 1432 7.
378 1388 424 1435 p.
448 1375 562 1432 726.
630 1376 795 1419 Nonae
823 1376 924 1420 iure
954 1375 1212 1430 colonario,
1247 1376 1443 1421 decimae
1474 1375 1570 1420 iure
1598 1370 1883 1421 ecclefiastico
1910 1369 2059 1429 solue-

107 1440 281 1488 bantur.
349 1439 469 1485 Vide
491 1441 712 1500 Cangium
746 1442 792 1487 in
823 1445 979 1488 Nonae.
1055 1444 1126 1488 De
1147 1441 1332 1489 decimis
1364 1441 1653 1490 ecclesiasticis
1671 1444 1723 1489 in
1745 1441 1932 1503 gratiam
1952 1454 2061 1504 pau-

107 1524 269 1572 perum
306 1504 527 1570 impolitis
561 1510 650 1569 agit
681 1511 805 1557 Ioan.
838 1511 1063 1556 Launoius
1095 1523 1204 1556 tom.
1238 1524 1281 1560 2.
1317 1514 1437 1574 Opp.
1467 1526 1593 1574 parte
1629 1528 1668 1559 2.
1695 1526 1793 1574 pag.
1835 1523 1928 1570 592
1959 1504 2058 1570 sqq.

106 1577 315 1622 Decimas
336 1571 511 1622 soluere
536 1578 667 1621 etiam
692 1576 793 1640 plus
814 1574 1006 1640 fimplici
1028 1578 1127 1622 vice
1146 1579 1194 1624 in
1217 1579 1442 1625 Alcorano
1467 1577 1590 1625 iubet
1608 1576 1919 1635 Muhamedes.
1988 1577 2061 1620 De

107 1643 309 1690 Decimis
361 1642 480 1705 apud
529 1657 685 1705 gentes
738 1641 978 1710 persolutis
1032 1643 1140 1692 vide
1198 1648 1474 1711 Spencerum
1525 1636 1614 1695 ΙΙΙ.
1655 1662 1727 1696 10.
1787 1644 1842 1691 de
1884 1641 2060 1705 legibus

110 1709 448 1758 Hebraeorum.

1039 1870 1068 1916 S
1108 1882 1132 1929 3
1980 1871 2063 1931 De

113 2000 168 2054 by
189 1997 388 2060 meddlipg
404 1998 453 2040 of
468 2001 660 2051 couneus,
690 1999 844 2041 Fathers
867 2014 913 2041 or
935 2001 1102 2050 Canons,
1121 2016 1164 2042 or
1185 2001 1242 2057 by
1258 2002 1362 2044 what
1382 1999 1456 2045 else
1480 2002 1624 2045 soevers
1640 2016 1770 2044 occurs
1789 2003 1829 2044 in
1851 2003 1892 2051 it,
1914 2002 2062 2044 offered
2084 1995 2087 1998 Α

114 2069 192 2108 any
215 2057 397 2094 Occahon
421 2055 467 2094 of
479 2069 681 2109 argument
701 2056 845 2110 against
864 2072 943 2112 any
975 2059 1077 2112 right
1097 2058 1145 2098 of
1168 2061 1453 2109 maintenance‚
1484 2063 1568 2101 Iure
1591 2061 1765 2109 Diuino²
1793 2059 1840 2099 of
1855 2060 1918 2098 the
1945 2060 2066 2098 Mini-

116 2111 208 2152 sters
231 2109 278 2150 of
296 2110 358 2149 the
383 2110 542 2162 Gospel:
573 2112 800 2165 beseeching
821 2127 922 2164 your
945 2113 1172 2166 Lordships‚
1209 2127 1247 2155 to
1284 2116 1429 2156 receive
1454 2115 1524 2156 this
1552 2118 1771 2168 ingenuous
1801 2115 1873 2154 and
1910 2114 2066 2153 humble

117 2166 492 2219 acknowledgtnent,
514 2167 691 2220 together
712 2168 807 2207 with
831 2168 891 2207 the
910 2168 1121 2223 unfeigned
1145 2170 1389 2223 protestation
1412 2171 1459 2210 of
1473 2186 1540 2224 my
1563 2169 1680 2218 Grief,
1709 2169 1771 2209 for
1794 2169 1873 2209 that
1896 2167 2067 2222 through

64 2266 69 2269 ,
115 2221 145 2262 it
161 2223 178 2260 ·i
204 2221 297 2260 have
320 2219 359 2260 so
382 2221 557 2260 incurred
581 2222 672 2261 both
697 2222 754 2262 his
766 2223 931 2278 Maiesty
951 2225 1024 2264 and
1048 2239 1150 2277 your
1171 2224 1392 2278 Lordship's
1412 2224 1660 2278 displeasure‚
1689 2225 1890 2265 conceived
1922 2223 2066 2278 against

119 2291 179 2317 me
198 2278 239 2316 in
260 2276 322 2316 the
353 2275 488 2314 behalf
510 2275 559 2314 cf
578 2277 642 2316 the
666 2277 820 2317 Church
842 2279 890 2319 of
905 2281 1093 2333 England.
1164 2282 1294 2319 Tomo
1321 2282 1428 2318 tertio
1453 2293 1575 2319 nouae
1600 2279 1778 2319 editionis
1802 2292 1957 2330 operum
1989 2279 2068 2317 Sel·
2139 2315 2142 2317 .

119 2333 212 2378 deni
237 2332 403 2372 Londini
429 2333 547 2384 1726.
570 2333 692 2372 tribus
713 2335 972 2374 voluminibus
993 2337 1030 2374 in
1055 2334 1147 2374 folio
1167 2346 1320 2374 curante
1344 2335 1494 2374 Dauide
1520 2333 1723 2374 Wilkinfio
1744 2333 1918 2380 excusae,
1948 2333 2068 2373 exstat

120 2389 285 2442 Anglice
308 2387 372 2427 the
390 2387 537 2440 history
562 2386 609 2426 of
621 2388 753 2427 Tithes
775 2391 867 2430 with
889 2405 907 2428 a
928 2391 1079 2430 Review
1098 2404 1143 2429 ex
1165 2390 1253 2435 edit.
1278 2390 1441 2432 Londin.
1473 2390 1588 2436 1618.
1607 2402 1644 2442 4.
1674 2402 1721 2428 an
1753 2389 1993 2429 admonition
2023 2400 2066 2429 to

122 2441 188 2483 the
212 2443 357 2482 Reader
381 2441 428 2481 of
440 2443 498 2481 Sir
518 2445 641 2494 james
661 2445 830 2496 Serapil's
851 2445 1059 2498 appendix,
1091 2445 1165 2484 and
1196 2444 1242 2485 of
1266 2447 1335 2485 Dr.
1367 2445 1582 2498 Tillesley's
1610 2443 1926 2485 animadverfions
1956 2457 2065 2496 upon

122 2497 184 2538 the
207 2498 349 2552 history
368 2497 414 2537 of
428 2497 580 2536 Tithes:
621 2500 762 2551 (quam
789 2498 1069 2552 responsionem
1101 2500 1163 2541 edi
1190 2501 1418 2552 prohibitam
1437 2502 1603 2553 queritur
1630 2502 1678 2540 T.
1701 2511 1737 2551 3.
1765 2499 1912 2552 1706.)
1941 2514 1960 2539 a
1983 2500 2074 2540 Let?

121 2563 180 2593 ter
197 2553 263 2593 tho
288 2555 350 2593 the
365 2552 555 2605 Marquefs
579 2553 906 2607 ofssuckingham.
976 2557 1132 2609 Legitur
1154 2558 1265 2595 etiam
1282 2558 1318 2595 in
1340 2556 1475 2595 eodem
1494 2555 1689 2595 volumine
1703 2556 1809 2594 tertio
1822 2567 1969 2609 p.t455
1984 2554 2066 2607 sqq.

122 2607 322 2648 dissertatio
345 2609 391 2648 de
411 2608 523 2661 scopo
550 2607 718 2648 historiae
739 2610 967 2663 decimarum
990 2611 1037 2650 ad
1066 2614 1208 2665 Regem
1241 2611 1435 2652 Iacobum.
1496 2610 1700 2650 Historiam
1726 2610 1959 2653 carceriszksui
1990 2609 2066 2662 ipse

124 2665 217 2715 texit
239 2666 423 2704 Seldenus
444 2666 480 2704 in
502 2663 673 2705 vindiciis
695 2667 803 2705 maris
826 2665 935 2705 claufi
956 2668 1005 2704 T.
1031 2679 1069 2708 2.
1090 2681 1183 2720 opp.
1209 2681 1298 2721 pag.
1321 2678 1424 2718 1421
1448 2664 1527 2720 sqq.
1559 2666 1646 2707 tide
1672 2679 1825 2719 quoque
1847 2679 1934 2719 pag.
1954 2668 2064 2717 1697

126 2729 163 2757 et
189 2719 308 2772 1699.
333 2720 395 2761 vbi
414 2719 463 2760 de
485 2721 611 2774 prima
635 2721 802 2764 editione
828 2722 920 2762 libri
938 2719 1136 2776 suppressa.
1329 2722 1334 2727 ’
