2263 3027
230 118 330 174 545
754 109 915 165 CAR·
940 110 1074 166 xm.
1136 108 1599 165 SACERDOTES
1684 124 1688 127 ’

232 235 351 302 apud
371 236 513 284 varias
529 248 684 299 gentes
702 236 938 293 annot-anit
960 236 1157 285 Huetius
1178 235 1258 286 lib.
1283 250 1328 286 2.
1351 235 1684 285 Alnetanarum
1708 235 2021 301 quaestionum
2049 253 2086 288 c.
2098 251 2180 290 20.

231 307 263 366 §⁴
278 311 319 355 6.
345 304 415 351 vti
435 303 488 351 de
508 308 789 353 Graecorum
801 302 1113 352 Sacerdotibus
1122 307 1327 357 Potterus
1348 307 1405 359 ΙΙ,
1431 315 1476 363 3“;
1498 304 1736 353 Archaeol.
1756 320 1866 353 tom.
1889 306 1969 353 vlt.
1989 304 2184 355 thesauri

235 374 451 421 Gronov.
522 375 555 420 Ι.
568 376 625 423 G.
651 372 1013 421 Lakemacherus
1032 374 1414 438 Antiq.Graecor.
1434 368 1540 419 sacr.
1564 386 1691 438 parte
1711 369 1925 429 secunda,
1959 388 2003 422 et
2015 377 2188 436 Georg.

233 439 414 503 Sigism.
439 443 667 492 Greenius
690 442 736 488 in
762 438 927 489 differt.
952 442 1009 489 de
1026 441 1281 504 Theologis
1303 443 1598 499 Graecorum,
1619 436 1740 506 Lips.
1769 457 1909 502 1733.
1968 443 2097 490 Idem
2120 458 2188 490 ar·

234 523 508 571 gumentum,
530 506 604 557 sed
624 510 871 557 admodum
889 508 1052 557 leuiter
1071 511 1217 572 attigit
1236 505 1493 555 Franciscus
1515 510 1637 555 Rous
1662 509 2042 558 Archaeol.Attic.
2066 513 2124 558 ΙΙ.
2142 517 2188 566 8.

234 577 318 627 vbi
335 578 470 624 etiam
495 577 549 624 de
570 575 855 643 Mystagogis
874 575 963 624 siue
998 577 1329 641 Hierophantis
1360 593 1413 623 ex
1434 574 1620 623 Meurfii
1644 575 1722 625 hb.
1751 578 1807 624 de
1836 575 1964 624 sacris
1995 575 2189 630 Eleufin.

236 662 332 712 cap.
364 661 379 692 ι
395 661 439 705 3.
506 645 646 693 Multi
668 660 718 693 vt
740 644 1001 693 Sacerdotes
1021 646 1197 691 Cereris
1218 659 1442 709 perpetuo
1467 643 1733 691 coelibatum
1762 643 2011 697 seruabant.
2069 645 2194 693 Vide

237 729 366 763 notas
388 714 443 760 ad
474 716 659 764 Luci-an.
690 728 802 761 tom.
832 727 871 762 1.
903 728 946 777 p.
967 728 1048 774 93.
1075 713 1180 759 edit.
1206 711 1345 759 Amst.
1378 711 1452 760 alii
1481 726 1531 758 vt
1560 711 1805 776 Megabyzi
1826 711 1914 759 fiue
1932 713 2193 760 Sacerdotes

236 783 408 830 Dianae
429 779 644 846 Ephefiae
668 780 775 829 teste
801 780 1021 831 Strabone
1052 781 1157 842 galli
1194 795 1320 826 erant
1337 777 1428 826 fiue
1446 776 1688 844 spadones,
1724 796 1773 827 vt
1793 781 2050 828 Sacerdotes
2072 784 2194 829 Deae

239 852 396 914 Syriae
417 865 624 914 quoque,
643 849 701 896 de
723 847 887 913 quibus
906 848 1027 895 idem
1050 849 1286 894 Luci-anus.
1354 850 1423 893 De
1445 845 1737 894 Pontificibus
1758 852 2040 896 Graecorum
2053 845 2194 898 Afiar·

242 920 340 969 chis
360 915 491 981 (AR.
512 920 681 977 XIX,-3
697 919 758 973 1.)
779 917 1016 973 neocoris‚
1048 917 1131 974 (id.
1153 918 1271 973 XIX,
1292 916 1389 975 31.)
1464 918 1524 960 lo.
1542 917 1807 963 Harduinus
1827 920 1873 963 in
1897 919 2067 962 Numis
2087 916 2197 963 anti-

244 988 346 1051 quis
370 984 532 1051 popul.
557 999 601 1031 et
621 983 806 1030 vrb1um
833 981 1078 1036 illustratis,
1110 986 1231 1048 Opp.
1255 979 1459 1031 selefflor.
1495 982 1740 1031 Amstelod.
1767 997 1910 1044 1709.
1939 982 2019 1031 fol.
2043 984 2197 1030 editis:

247 1056 306 1108 de
328 1054 514 1107 iisdem,
548 1066 600 1098 vt
623 1065 668 1098 et
687 1049 999 1098 Sacer-doribus
1019 1050 1434 1114 Stephanophoris,
1469 1050 1653 1114 aliisque
1682 1053 1748 1097 vti
1780 1054 1911 1099 etiam
1938 1052 1993 1098 de
2013 1051 2200 1100 Fratriiz

244 1120 474 1180 sacrorum
493 1153 512 1178 ‚⁴
546 1117 846 1181 orgeonibus‚
879 1114 1080 1169 thiasotis
1101 1132 1145 1163 et
1163 1114 1511 1170 archithiasotis,
1545 1115 1640 1165 fuse
1663 1117 1831 1165 differit
1860 1121 2088 1166 Antonius
2108 1135 2199 1167 van

243 1190 358 1240 Dale
382 1191 429 1235 in
465 1184 861 1234 Differtationibus
893 1185 948 1230 ad
984 1184 1268 1247 antiquitates
1296 1201 1320 1231 e
1355 1183 1658 1231 marmoribus
1698 1187 1891 1250 antiquis
1920 1185 2201 1234 illustrandas

244 1256 393 1309 Amst.
420 1270 562 1315 1702,
589 1271 633 1311 4.
653 1252 795 1305 editis.
867 1251 992 1299 Idem
1014 1250 1108 1299 diff.
1134 1267 1177 1311 ς.
1202 1254 1293 1314 agit
1324 1253 1456 1300 etiam
1482 1253 1536 1299 de
1557 1252 1847 1315 Prytanibus,
1900 1253 2023 1316 quod
2057 1270 2201 1315 genus

248 1323 498 1379 Sacerdotii
521 1319 796 1383 magistratui
817 1320 1007 1384 politico
1027 1317 1124 1367 fere
1146 1337 1374 1368 annexum
1392 1335 1511 1374 erat,
1548 1320 1604 1366 de
1623 1335 1714 1383 quo
1737 1318 1872 1366 exstat
1896 1321 2032 1367 etiam
2052 1321 2202 1368 erudi·

245 1409 318 1442 tus
346 1390 510 1439 Ezech.
529 1389 795 1454 Spanhemii
823 1387 938 1435 liber
958 1387 1014 1434 de
1033 1385 1163 1435 Vesta
1183 1403 1229 1436 et
1245 1387 1514 1453 prytanibus
1536 1391 1818 1437 Graecorum
1847 1403 1958 1434 tom.
1973 1403 2016 1451 5.
2044 1389 2202 1453 Antiq.

247 1464 409 1510 Graec.
441 1473 484 1506 et
512 1458 636 1505 Eliae
667 1455 902 1505 Blancardi
938 1458 1266 1505 commentatio
1302 1458 1357 1504 de
1378 1460 1624 1521 Prytanum
1649 1455 1826 1517 origine
1845 1471 1977 1519 atque
1997 1471 2204 1515 munere,

246 1531 311 1582 Τ.
335 1546 380 1593 4.
421 1524 596 1574 Histor.
628 1524 762 1574 Acad.
793 1522 1001 1590 Inscript.
1031 1540 1079 1590 p.
1111 1533 1188 1587 89.
1220 1524 1384 1588 quibus
1412 1524 1523 1572 adde
1553 1524 1748 1571 Eduard.
1771 1522 1948 1571 Corfini
1965 1522 2203 1571 Fastorum

250 1600 371 1647 attic.
394 1592 562 1643 differt.
583 1590 777 1650 sextam,
812 1595 971 1657 inqua
993 1596 1127 1640 etiam
1151 1593 1207 1640 de
1226 1593 1497 1657 Prytanibus
1529 1589 1790 1656 disputatur.
1894 1594 1964 1638 De
1993 1591 2203 1655 Astarchis

252 1662 414 1714 confer
435 1664 543 1711 Chr.
569 1662 881 1723 Schoettgenii
900 1658 1262 1710 obseruationem
1277 1694 1289 1714 ,
1332 1664 1392 1708 T.
1425 1675 1465 1719 5.
1498 1657 1627 1707 Misc.
1665 1655 1787 1724 Lips.
1829 1675 1933 1723 pag.
1974 1668 2067 1719 173
2105 1656 2200 1721 sqq.

250 1737 446 1783 Menon.
464 1732 575 1780 Nic.
599 1728 802 1778 Carstens
823 1729 977 1777 medit.
996 1726 1213 1779 subseciv.
1234 1726 1351 1792 spec.
1374 1741 1417 1776 2.
1449 1729 1505 1773 de
1540 1726 1762 1772 Asiarchis
1793 1725 1947 1770 Paullo
1967 1724 2200 1786 quondam

253 1801 422 1857 amicis,
443 1798 558 1846 Lub.
587 1812 727 1860 1744.
748 1812 791 1844 et
811 1795 974 1844 differt.
1000 1798 1111 1844 Chr.
1133 1795 1278 1843 Andr.
1299 1793 1468 1848 Siberi‚
1502 1789 1689 1841 Witteb.
1729 1797 1869 1851 1683.
1937 1790 2200 1855 Christoph.

255 1867 478 1930 Sontagii,
515 1863 682 1912 Altorf.
709 1880 851 1927 ¹7¹2-
877 1880 921 1911 et
941 1867 987 1911 P.
1008 1869 1059 1912 A.
1073 1859 1263 1925 Boysen,
1283 1860 1426 1908 Halae
1458 1861 1594 1918 1716.
1663 1861 1734 1904 De
1756 1858 2020 1924 Pastophoris
2044 1856 2202 1905 consu·

255 1936 372 1988 latur
405 1930 587 1981 illustris
617 1935 824 1997 Cuperus
854 1934 903 1979 in
932 1935 1215 1995 Harpocrate
1231 1944 1279 1991 p.
1304 1943 1319 1974 1
1336 1942 1409 1987 31.
1430 1941 1474 1974 et
1496 1929 1530 1974 1.
1553 1928 1613 1974 G.
1633 1925 1960 1973 Bidermannus
1980 1927 2198 1972 Otiorum

257 2006 372 2059 varii
393 2001 573 2064 generis
594 2017 641 2064 p.
670 2006 760 2054 ¹80
783 1996 876 2062 sqq.
957 2001 1028 2044 De
1056 1995 1367 2060 Melanophoris
1389 1995 1543 2058 Steph.
1571 1993 1612 2039 le
1635 1997 1813 2056 Moyne
1831 1991 2029 2058 Epistola
2048 1991 2200 2056 fingu-

259 2073 341 2129 lari
361 2073 415 2118 ad
438 2072 694 2134 Cuperum,
714 2066 864 2114 eidem
885 2066 1162 2129 Harpocrati
1180 2061 1362 2111 adicit-a.
1435 2065 1509 2109 De
1529 2060 1839 2108 Sacerdotibus
1859 2063 2199 2125 Aegyptiorum

261 2141 474 2190 Clemens
497 2139 578 2184 VI.
597 2138 762 2184 Strom.
782 2151 826 2200 p.
843 2140 935 2194 633
959 2129 1024 2196 sq.
1087 2127 1478 2180 Iac.Godofredus
1502 2129 1556 2176 ad
1577 2144 1664 2178 vet.
1689 2127 2015 2194 expositionem
2030 2128 2200 2175 Mundi
2260 2153 2263 2172 l

2260 2127 2263 2152 1

260 2226 308 2276 p.
329 2221 408 2267 25.
476 2204 842 2252 Io.Marshamus
866 2203 911 2248 in
935 2203 1120 2248 Canone
1140 2200 1372 2246 Chronico
1387 2233 1398 2253 ‚
1433 2201 1496 2245 H.
1519 2195 1699 2246 Witfius
1725 2198 1774 2243 in
1796 2198 2058 2261 Agyptiacis
2076 2211 2119 2242 et
2131 2198 2200 2242 Io.
2258 2191 2262 2241 ἐ

261 2275 447 2325 Nicolai
470 2271 588 2320 libro
611 2271 667 2318 de
684 2271 909 2334 Synedrio
940 2269 1292 2334 Aegyptiorum.
1394 2269 1465 2313 De
1496 2267 1674 2313 honore
1710 2281 1753 2312 et
1782 2264 1922 2326 gradu
1954 2263 2201 2312 Sacerdotii

255 2340 383 2411 ‘apud
404 2342 613 2392 ethnicos
641 2340 752 2392 Chr.
772 2336 992 2386 Falsterus
1013 2340 1072 2384 T.
1102 2352 1143 2389 ι.
1166 2336 1423 2385 amoenitat.
1445 2334 1672 2401 philolog.
1690 2350 1736 2399 p.
1755 2342 1847 2392 189
1866 2329 1961 2397 sqq.

434 2479 538 2525 VII.
586 2479 658 2524 De
685 2473 966 2543 οἷςχιεξειάις
982 2489 1038 2522 et
1065 2472 1376 2522 SacerdOtibus
1402 2468 1589 2520 feminis
1610 2471 1835 2517 variarum
1859 2469 2058 2513 Dearum
2083 2463 2204 2529 apud
2250 2501 2252 2505 .

270 2549 469 2595 Graecos
480 2549 801 2607 Romanosque
824 2541 1026 2591 consules
1036 2539 1206 2591 Clariff.
1219 2537 1602 2589 Montfauconum
1623 2540 1670 2585 in
1681 2534 2022 2598 Palaeographia
2035 2536 2205 2580 Graeca
2250 2575 2251 2579 ,

268 2629 314 2679 p.
354 2623 455 2661 160.
523 2613 678 2662 Caroli
711 2614 855 2660 Patini
884 2613 1264 2660 commentarium
1296 2611 1350 2658 ad
1376 2625 1506 2656 vetus
1527 2618 1877 2654 monumentum
1899 2600 2202 2652 Marcellinae,

268 2679 351 2729 vbi
371 2694 413 2727 et
437 2680 492 2733 de
510 2682 653 2731 tribus
687 2680 924 2729 ordinibus
961 2678 1221 2728 Antistitum
1259 2677 1536 2727 feminarum
1565 2677 1637 2736 (vt
1662 2671 1781 2736 apud
1811 2673 2040 2716 Romanos
2054 2666 2202 2714 Vesta·

270 2748 710 2815 lium)'mmmfa‘ts‚
739 2752 903 2816 ἷεξοιῒς,
934 2763 979 2799 et
1000 2756 1252 2819 παριεςαῖς,
1275 2765 1301 2797 e
1319 2745 1560 2826 Plutarcho
1585 2758 1634 2808 p.
1664 2754 1777 2803 795.
1804 2755 1862 2787 an
1888 2735 1983 2786 seni
2008 2735 2207 2800 gerenda
2244 2766 2246 2771 ·

2069 2805 2206 2868 Resp.
2242 2850 2243 2854 ,
