2263 3027
182 107 279 159 850
728 98 879 151 CAP.
916 99 1106 153 XVIII.
1183 102 1277 154 DE
1319 101 1557 156 BARBA.

176 231 308 284 prato
332 213 551 281 spirituali
569 229 664 284 cap.
697 222 787 272 118
812 229 856 264 et
884 230 988 280 143.
1061 216 1296 269 Tonsurae
1326 226 1374 268 in
1397 226 1587 268 modum
1622 229 1766 268 emtis
1795 230 1914 287 apud
1939 232 2120 272 Ameti-

177 301 281 332 cum
305 287 444 331 trium
462 279 663 330 fontium
685 286 961 332 monachum
988 285 1042 333 ad
1062 290 1115 334 A.
1132 291 1185 337 C.
1208 295 1269 352 76
1278 304 1318 353 3.
1341 285 1729 355 οἱποθριζοᾶμενος,
1767 287 1993 344 detonsus,
2030 307 2117 355 pro

176 352 428 407 monacho,
462 351 570 399 vide
588 353 694 398 Nic.
715 352 1019 401 Alemannum
1040 371 1139 419 pag.
1152 369 1232 412 92.
1252 357 1305 404 ad
1323 360 1537 423 Procopii
1556 357 1784 405 anecdota.
1850 360 1921 405 De
1940 356 2120 406 tonsura

174 437 427 488 puerorum
446 418 537 482 (ab
561 417 720 467 ossauo
748 418 959 483 saeculo)
993 425 1099 486 Pagi
1126 424 1180 471 ad
1204 429 1257 472 A.
1277 428 1325 472 C.
1353 425 1462 488 684.
1492 442 1535 472 n.
1567 440 1637 483 13.
1707 427 1777 472 De
1799 423 1979 473 tonsura
2012 442 2123 492 poe·

174 491 420 538 nitentium
459 486 688 535 Salmafius
718 488 774 536 de
811 506 939 537 coma
979 507 1078 556 pag.
1121 507 1235 556 473.
1276 507 1390 555 474.
1462 496 1531 540 De
1571 490 1751 540 tonsura
1780 494 1987 558 poenali,
2032 510 2119 558 qua

174 575 219 606 v.
233 575 274 619 g.
297 555 419 619 sagae
445 571 487 603 et
516 554 707 605 malefici
735 557 950 605 nonnulli
977 556 1254 615 afficiuntur,
1293 563 1382 623 agit
1414 564 1583 623 Georg.
1616 559 1927 609 Rittershusius
1957 560 2034 608 lib.
2063 562 2120 610 de

173 627 273 674 iure
302 623 531 689 asylorum
571 641 665 689 cap.
709 640 785 678 10.
852 624 1142 675 Philostratus
1185 630 1232 675 in
1274 630 1365 675 vita
1408 629 1647 694 Apollonii
1677 633 1826 692 Tyan.
1869 646 1969 694 pag.
2007 636 2117 688 362.

173 695 366 743 Geierus
385 692 414 741 l.
434 710 467 740 c.
489 710 588 759 pag.
618 709 727 750 204.
794 694 1070 757 Binghamus
1090 694 1165 742 lib.
1194 706 1265 748 18.
1291 713 1383 762 cap.
1408 710 1453 745 2.
1487 696 1650 761 quibus
1684 697 1816 744 addes
1838 697 2119 744 Cotelerium

171 776 303 810 tomo
328 776 370 808 2.
392 776 675 808 monument.
696 778 796 826 pag.
819 771 877 814 68
889 778 930 811 2.
997 765 1220 826 Cangium
1240 765 1288 812 in
1319 766 1507 831 κερέυειν
1527 781 1570 813 et
1591 765 1806 813 Allatium
1829 764 1884 812 de
1904 761 2121 828 consensu

172 831 350 878 Orient.
372 844 415 877 et
434 830 668 877 Occident.
687 829 902 878 Ecclesiae
929 847 1026 897 pag.
1053 837 1164 891 669.
1192 831 1273 880 vbi
1301 831 1504 881 obseruat
1535 834 1767 880 haereticis
1800 832 2111 880 condemnatis

170 897 357 946 barbam
386 898 498 944 olim
521 895 727 944 derasam.
811 899 942 946 Plura
972 897 1194 948 eiusmodi
1234 916 1472 948 occurrent
1515 901 1743 948 euoluenti
1778 899 1871 948 diff.
1904 904 1961 949 G.
1993 897 2120 964 Casp.

169 966 492 1019 Kirchmaieri,
528 967 592 1021 τὲ
609 968 856 1034 μακαςῖτε.
871 966 929 1015 de
947 968 1092 1030 gloria
1116 982 1160 1015 et
1182 967 1404 1015 maiestate
1429 968 1601 1016 barbae.
1671 972 1751 1016 Iac.
1768 967 2003 1016 Thomasii
2023 963 2120 1014 diff.

171 1035 228 1081 de
263 1032 398 1081 barba
441 1031 561 1098 Lips.
594 1041 730 1094 1671.
801 1038 865 1082 Io,
886 1037 1019 1082 Pierii
1042 1036 1268 1083 Valeriani
1305 1036 1677 1083 declamationem
1708 1053 1794 1102 pro
1835 1034 2116 1084 sacerdotum

169 1101 341 1155 barbis,
379 1118 464 1165 qua
494 1101 733 1148 intercedit
762 1101 942 1149 decreto
976 1104 1193 1165 Gregorii
1213 1105 1313 1150 V11.
1346 1101 1584 1150 Pontificio
1612 1108 1654 1134 ¹2
1676 1101 1927 1152 sacerdotes
1955 1119 2117 1152 omnes

168 1169 354 1218 barbam
377 1170 606 1233 deponere
627 1167 824 1222 iubenti,
860 1167 1025 1216 editam
1046 1173 1247 1235 primum
1269 1173 1440 1218 Romae
1468 1186 1485 1219 1
1500 1184 1608 1233 529.
1629 1188 1731 1219 cum
1753 1173 1995 1236 priuilegio
2017 1171 2115 1218 Cle-

166 1239 333 1286 mentis
354 1240 454 1283 VII.
476 1251 519 1283 et
541 1236 704 1284 deinde
729 1237 1092 1302 hieroglyphicis
1109 1241 1208 1286 eius
1233 1236 1474 1287 subiestam
1495 1236 1702 1286 Francos.
1720 1248 1921 1302 1678.4.
1985 1241 2114 1286 Gen-

165 1305 475 1353 tianiHerreti
497 1303 702 1351 libellum
714 1305 866 1352 Pierio
883 1305 1140 1371 oppositum
1163 1308 1217 1354 de
1237 1308 1343 1372 pilis
1365 1324 1409 1354 et
1429 1306 1564 1354 barba
1587 1304 2116 1366 1·eddenda.Paris.1535.

166 1373 419 1423 Sarnellum
443 1370 627 1436 epistola
646 1371 925 1421 ecclesiastica
955 1375 1236 1422 duodecima.
1305 1375 1535 1423 Baluzium
1559 1375 1612 1422 ad
1633 1376 1884 1423 Antonium
1908 1372 2116 1437 Augusti-

165 1459 280 1491 num
300 1440 355 1488 de
378 1440 694 1489 emendatione
715 1443 917 1489 Gratiani
945 1460 1046 1508 pag.
1074 1458 1171 1508 453
1198 1440 1294 1507 sqq.
1319 1459 1362 1491 et
1395 1447 1516 1491 Ioan.
1536 1443 1661 1491 Frid.
1683 1443 1919 1492 Guilielmi
1943 1446 2113 1504 Pagea-

161 1509 352 1558 stecheri
371 1507 697 1577 prognosticon
721 1507 1182 1558 historicoiuridicum
1208 1511 1262 1559 de
1282 1511 1430 1559 barba.
1445 1516 1669 1573 Lemgov.
1691 1524 1831 1572 1715.
1849 1519 1890 1567 8.
1948 1513 2111 1557 Exem-

160 1578 236 1643 pla
258 1593 420 1626 eorum
443 1578 522 1641 qui
540 1575 770 1625 tonsuram
792 1581 940 1644 pretio
963 1580 1253 1628 redemerunt
1273 1581 1456 1642 collegit
1475 1577 1656 1627 Balthas.
1681 1576 1937 1626 Bonifacius
1966 1577 2044 1624 lib.
2071 1593 2110 1629 ι.

162 1646 373 1694 historiae
392 1645 588 1693 ludricae
617 1662 709 1709 cap.
735 1661 776 1705 7.
846 1648 1069 1712 Equidem
1101 1648 1153 1695 de
1178 1647 1313 1695 barba
1335 1647 1642 1696 nonfflenda
1662 1645 1875 1693 ministris
1893 1643 2110 1698 ecclesiae,

164 1712 325 1762 diserte
356 1728 532 1760 cautum
563 1713 728 1775 legitur
755 1715 802 1761 in
836 1713 1230 1763 constitutionibus
1257 1733 1369 1780 quae
1404 1714 1672 1781 apostolicae
1706 1729 1923 1761 vocantur
1962 1711 2036 1758 lib.
2066 1726 2105 1757 1.

165 1799 260 1845 cap.
281 1797 318 1841 3.
340 1797 381 1827 et
403 1781 520 1844 apud
533 1781 842 1846 Epiphanium
863 1781 1029 1831 haeresi
1058 1793 1133 1841 80.
1157 1786 1351 1830 Romani
1370 1799 1545 1830 veteres
1565 1799 1648 1846 per
1666 1796 1765 1839 450
1782 1795 1924 1826 annos
1943 1776 2108 1826 intonsi

164 1848 271 1896 teste
291 1849 408 1912 apud
427 1849 624 1895 Plinium
649 1853 854 1898 Varrone
876 1869 886 1897 ε
941 1853 1166 1917 Scipionis
1188 1848 1390 1898 Africani
1419 1865 1626 1913 tempore
1646 1849 1833 1894 iuuenes
1858 1846 2106 1894 tondeban-

159 1930 259 1970 tur,
296 1918 385 1962 viri
407 1915 589 1961 barbam
611 1916 841 1979 ponebant
861 1917 947 1965 fiue
977 1917 1272 1966 barbatoriam
1299 1932 1349 1964 vt
1379 1917 1582 1981 loquitur
1606 1916 1844 1962 Petronius
1868 1931 1965 1978 pag.
1993 1923 2102 1974 363.
2151 1930 2155 1931 ’
2200 1910 2216 1930 ³

162 1984 265 2031 edit.
299 1980 464 2030 Clariis.
493 1985 767 2035 Burmanni,
800 1984 1019 2047 faciebant
1051 2001 1094 2031 et
1122 2001 1261 2032 totam
1293 1981 1455 2031 faciem
1485 1981 1727 2030 rafitabant.
1797 1982 1915 2029 Vide
1944 1980 2103 2029 ostav.

159 2052 416 2100 Ferrarium
448 2052 502 2095 ΙΙ.
539 2065 610 2095 12.
643 2047 907 2099 elestorutn.
991 2052 1230 2098 Camillum
1260 2050 1531 2114 Syluestrem
1560 2052 1613 2097 ad
1642 2050 1839 2100 quenal.
1876 2053 1955 2096 IV.
1990 2064 2098 2109 103.

158 2120 334 2168 Mureti
367 2134 409 2164 et
440 2118 624 2165 Grae-uli
655 2132 780 2164 notas
811 2118 863 2164 ad
893 2119 1126 2166 Ciceronis
1161 2118 1338 2168 Catilin.
1374 2122 1428 2168 ΙΙ.
1471 2134 1538 2169 ¹0.
1626 2119 1790 2166 Bened.
1823 2119 2101 2165 Aueranium

161 2202 274 2234 tom.
298 2203 335 2236 1.
360 2183 520 2232 differt.
542 2196 617 2241 42.
648 2185 695 2230 in
721 2186 995 2247 antologiam
1015 2204 1116 2251 pag.
1144 2194 1231 2242 108
1256 2183 1317 2252 sq.
1387 2185 1619 2233 Imberbes
1639 2187 1779 2251 primi
1803 2189 2102 2250 Imperatores

161 2252 286 2302 fuere
308 2271 466 2300 omnes
489 2266 665 2316 praeter
689 2252 938 2299 Adrianum
961 2269 1004 2300 et
1025 2255 1263 2301 Iulianum.
1329 2255 1507 2301 Deinde
1529 2253 1628 2319 post
1653 2252 1954 2306 iustinianum,
1977 2269 2101 2300 men-

160 2338 208 2369 to
232 2320 378 2369 rasum
397 2336 441 2369 et
468 2317 643 2385 ipsum,
682 2317 837 2384 paffim
858 2323 1022 2369 Graeci
1046 2325 1344 2386 Imperatores
1377 2321 1559 2369 barbati.
1628 2322 1745 2369 Vide
1769 2322 1874 2367 Nic.
1895 2320 2102 2368 Aleman-

161 2407 270 2437 num
301 2408 401 2455 pag.
432 2403 533 2448 109.
561 2387 616 2434 ad
647 2390 935 2454 Procopium.
1004 2391 1142 2454 Apud
1171 2393 1368 2437 Graecos
1397 2407 1496 2437 mos
1524 2389 1711 2437 radendi
1742 2387 1950 2441 barbam,
1998 2389 2099 2435 Ale-

159 2459 319 2506 xandri
352 2460 417 2505 M.
449 2456 633 2508 demum
661 2470 798 2504 aetate
829 2453 1034 2505 inuestus
1065 2472 1115 2504 vt
1145 2473 1198 2504 ex
1236 2456 1492 2523 Chrysippo
1534 2472 1658 2504 notat
1689 2458 1945 2504 Athenaeus
1976 2458 2096 2504 XIII.
2123 2504 2126 2505 γ

163 2542 262 2590 pag.
279 2529 386 2586 565.
463 2528 533 2571 De
555 2524 847 2572 iureiurando
869 2541 954 2589 per
977 2523 1159 2572 barbam
1185 2525 1289 2572 vide
1313 2527 1520 2573 Neocori
1539 2524 1748 2572 biblioth.
1773 2539 1933 2572 nouor.
1962 2522 2098 2570 libro·

159 2608 263 2642 rum
286 2597 338 2639 A.
363 2598 502 2654 1697.
524 2608 625 2658 pag.
645 2598 758 2654 496.
828 2589 1052 2644 Aduersus
1072 2591 1395 2641 Antiochenses
1415 2594 1575 2645 Iuliani
1603 2591 1785 2641 barbam
1814 2589 2010 2637 ridentes
2030 2590 2102 2637 de·
2157 2626 2167 2651 4

1956 2655 2103 2710 fendit

218 2748 254 2769 ¹²
283 2745 368 2785 Hoc
389 2757 408 2783 a
432 2742 599 2796 pluribus
627 2757 649 2785 e
676 2747 777 2787 clero
809 2746 849 2788 in
874 2748 1047 2788 Romana
1075 2745 1233 2788 Ecclesia
1260 2759 1296 2789 et
1334 2749 1432 2789 inter
1460 2745 1558 2802 ipsos
1585 2743 1805 2789 pontificios,
1829 2758 1848 2784 n
1872 2743 2018 2785 Gelasio
2049 2744 2096 2782 Π.

156 2799 310 2853 aliisque
332 2797 550 2854 neglestum
580 2799 652 2841 esse
684 2799 857 2844 obseruat
886 2802 1020 2847 Nicol.
1050 2802 1272 2848 Comuenus
1299 2817 1386 2859 pag.
1407 2814 1504 2855 219·
1533 2811 1701 2856 praenot.
1731 2799 2092 2855 mystagogicarutn·⁴
