2263 3027
176 89 277 136 922
342 75 491 128 CAP.
506 77 614 128 xx.
646 74 1175 134 GENEALomAE,
1197 75 1292 129 ET
1312 40 1641 130 mnium
1664 79 2035 134 ROMANOR.

177 201 393 250 Vrsinum
415 203 651 266 aliquoties
674 198 896 250 emendat.
967 203 1094 249 Idem
1127 219 1172 268 p.
1191 210 1267 264 ὃς.
1292 203 1532 249 duodecim
1568 221 1622 250 ex
1656 204 1743 250 illis
1775 203 1938 251 Vrsino
1966 220 2132 270 praete-

173 271 272 318 ritis
296 270 478 317 exhibet
500 286 543 317 et
568 269 765 318 illustrat.
837 270 1047 316 Guilielmi
1069 271 1274 325 Car-delli,
1308 274 1523 324 Romani,
1565 274 1642 335 qui
1679 274 1957 334 Sigismundi
1987 277 2132 337 Impe-

173 353 250 386 rat.
278 338 561 403 temporibus
583 339 697 384 vixit
718 338 886 385 librum
908 339 962 384 de
983 335 1166 385 familiis
1189 342 1402 386 Romanis
1429 340 1572 385 laudat
1601 355 1731 404 atque
1767 338 1979 387 euoluiffe
2008 337 2051 386 se
2075 355 2135 386 te-
2209 391 2213 394 λ

174 405 313 453 statur
333 404 529 472 Prosper·
544 405 804 453 Mandosius
826 411 981 453 Tomo
1003 404 1198 471 secundo
1222 407 1520 455 bibliothecae
1546 411 1772 465 Romanae
1793 426 1832 472 p.
1859 422 1972 468 203.
2011 407 2138 455 Idem

174 491 276 539 pag.
308 488 425 524 222.
469 471 610 522 Iacobi
633 475 846 528 Gardelli,
872 478 1074 539 nepotis,
1095 476 1343 522 additiones
1366 492 1599 523 memorat.
1644 475 1875 522 Abrahami
1900 492 2009 523 vero
2035 480 2140 521 Gor-

170 543 250 589 laei
276 540 473 589 familiae
495 545 721 590 Romanae
752 541 804 590 ab
841 546 894 588 V.
919 547 965 589 C.
988 561 1129 607 vsque
1153 545 1205 590 ad
1230 544 1405 590 obitum
1431 542 1616 605 Augusti
1640 581 1652 600 ‚
1701 561 1755 591 ex
1791 546 1940 590 nui-nis
1963 581 1976 600 ‚
2019 546 2137 607 'quos

173 609 363 658 Vrsinus
387 611 460 658 vel
485 609 633 657 omisit
661 612 732 657 vel
755 611 881 657 aliter
901 608 1072 675 posuit,
1109 613 1254 658 lucem
1285 612 1497 658 viderunt
1535 619 1771 676 Antwerp.
1805 619 1856 659 A.
1887 619 2027 670 1605.
2058 609 2139 657 fol.
2213 605 2215 609 ’

175 676 248 725 Ab
271 695 323 726 eo
351 694 559 743 tempore
583 677 868 725 laudatiffima
891 680 1104 726 industria
1126 681 1267 726 Caroli
1289 683 1437 726 Patim'
1457 682 1532 742 qui
1553 680 1651 743 post
1667 678 1876 726 Vrsinum
1899 680 2139 741 diligenter

173 745 234 793 est
260 748 305 793 in
329 748 416 793 hoc
443 763 708 808 argumento
732 744 928 794 versatus
948 746 1075 794 Paris.
1100 745 1326 809 1663.f‹›l.
1365 746 1680 795 Conferendus
1703 751 1833 794 etiam
1854 748 2143 810 Ezea·h.8pan-

173 814 336 862 homins
363 811 454 861 diff.
479 819 552 861 Vl.
576 815 630 861 de
660 811 739 861 vsu
762 812 1079 862 numismatum
1101 816 1172 877 (in
1195 832 1310 862 noua
1336 816 1439 861 edit.
1461 819 1510 862 X.
1536 833 1644 879 quae
1668 833 1812 880 prima
1834 816 1894 861 est
1914 817 2058 861 Tomi
2081 811 2142 861 se-

175 884 350 944 cundi)
397 886 526 933 Laur.
558 887 712 948 Begeri
745 898 894 930 tomus
927 901 969 932 2.
1001 881 1193 937 thesauri
1214 884 1592 945 Brandenburgici
1618 902 1660 949 p.
1687 898 1792 945 529,
1813 881 1874 947 sq.
1901 884 2143 948 praecipue

175 967 290 996 vero
317 953 372 996 Ιο.
399 951 602 1004 Vaillant,
639 952 762 996 cuius
787 953 914 998 numi
941 954 1112 1015 antiqui
1136 950 1408 998 {dimili-arum
1431 955 1734 998 Romanarum
1758 967 1989 1016 perpetuis
2008 957 2145 997 inter-1

175 1017 508 1083 pret-„itionibus
538 1015 741 1063 illustrati
783 1019 928 1065 lucem
962 1022 1173 1065 viderunt
1206 1018 1385 1065 Amstel.
1415 1033 1552 1079 1703.
1575 1017 1653 1064 fol.
1724 1023 1775 1064 ln
1810 1022 1896 1066 hoc
1931 1017 2144 1064 Vaillanti

179 1102 321 1149 opere
344 1082 532 1131 familias
553 1086 793 1131 nonnullas
829 1104 1016 1148 quarum
1048 1089 1224 1132 Patinus
1248 1088 1456 1132 meminit
1488 1084 1663 1131 omissas
1694 1102 1849 1132 notant
1874 1085 1982 1132 Αὲὶει
2004 1085 2145 1132 Erud¹

177 1157 233 1201 A'.
272 1168 408 1214 1704.
434 1170 475 1216 p.
498 1167 609 1214 407.
643 1169 897 1216 quanquam
928 1151 1114 1200 viciffim
1147 1171 1199 1200 ex
1225 1154 1377 1201 Golzii
1413 1155 1561 1200 numis
1587 1151 1900 1209 ,consularibus
1921 1159 1971 1200 A.
2002 1160 2143 1215 1571ss

180 1222 236 1268 ad
263 1221 424 1269 calcem
451 1219 676 1266 Historiae
704 1221 782 1266 Iul.
808 1218 1003 1267 Caesaris
1025 1222 1154 1268 editis
1180 1237 1222 1268 et
1250 1220 1336 1268 suis
1358 1219 1529 1268 scriniis
1554 1239 1646 1268 non
1679 1239 1837 1286 paucas
1867 1223 2029 1282 (132.)
2073 1225 2145 1267 Pa-

179 1290 279 1335 tino
306 1289 563 1352 praeteritas
584 1290 655 1334 vir
678 1286 952 1336 dofflffimus
979 1290 1194 1336 adiunxit.
1264 1294 1430 1353 Neque
1451 1291 1569 1336 enim
1600 1307 1758 1336 omnes
1780 1291 1933 1337 Go'lzii
1964 1291 2090 1335 numi
2121 1305 2145 1335 a

179 1358 339 1404 Patino
371 1354 515 1402 omissi
542 1373 625 1420 pro
656 1354 946 1422 supposititiis
975 1358 1171 1405 habendi
1198 1355 1325 1411 sunt,
1367 1373 1416 1404 vt
1446 1360 1530 1404 iam
1568 1362 1741 1405 notauit
1772 1364 1826 1407 A.
1849 1357 2071 1404 Morellus
2101 1373 2148 1421 p.

192 1431 302 1479 2228.
331 1421 446 1489 spec.
515 1428 683 1471 Notati
706 1442 887 1490 quoque
912 1442 1109 1473 meretur
1130 1428 1328 1479 eiusdem
1354 1427 1540 1472 Motelli
1567 1425 1808 1480 thesaurus,
1841 1424 1930 1472 siue
1956 1423 2154 1472 familia-2

183 1509 288 1542 rum
313 1495 617 1539 Romanarum
649 1492 935 1551 numismata,
971 1497 1144 1548 omnia,
1184 1492 1516 1556 diligentiliime
1535 1494 1702 1559 vbique
1725 1492 1989 1556 conquisita,
2028 1509 2150 1540 accu-

184 1557 396 1610 ratiffime
429 1561 669 1615 delineata,
706 1577 748 1609 et
778 1565 898 1610 iuxta
927 1563 1135 1610 ordinem
1165 1563 1292 1609 Fulv.
1316 1561 1464 1608 Vrsini
1495 1578 1537 1608 et
1567 1563 1717 1609 Caroli
1747 1565 1889 1609 Patini
1922 1558 2125 1625 disposita
2138 1579 2158 1619 εξ

184 1646 309 1678 nunc
341 1632 544 1694 primum
577 1629 693 1677 edita
724 1645 766 1677 et
801 1634 1128 1678 commentario
1160 1646 1381 1696 perpetuo
1411 1628 1620 1678 illustrata
1652 1649 1675 1677 a
1713 1629 1945 1691 Sigeberto
1976 1633 2153 1676 Hauer*

187 1702 535 1761 campo,·Tom.
564 1701 617 1743 ΙΙ.
650 1697 895 1747 Amstelod.
926 1715 1068 1763 1734.
1090 1697 1170 1745 fol.
1241 1701 1506 1746 Omittimus
1527 1699 1857 1760 EliaeReufizeri
1880 1713 1920 1743 et
1953 1697 2148 1742 aliorum

189 1761 379 1828 scripta,
420 1763 611 1813 familias
636 1769 858 1815 Romanas
879 1767 1167 1829 illustrantia,
1205 1784 1393 1831 quarum
1415 1767 1567 1832 plures
1591 1767 1793 1830 quotidie
1823 1779 1866 1811 et
1898 1779 2035 1809 nouas
2059 1762 2159 1809 fiue'

186 1849 241 1878 ex
281 1833 430 1878 numis
461 1831 548 1880 siue
581 1851 633 1880 ex
663 1837 757 1883 aliis
789 1836 1017 1884 veteribus
1041 1837 1350 1882 monumentis
1374 1835 1656 1881 eruditorum
1693 1830 1902 1878 industria
1930 1828 2148 1877 obseruat.
2216 1866 2219 1869 -

155 1897 162 1901 ’
189 1902 262 1946 De
281 1897 422 1962 prisca
451 1897 621 1948 familia
645 1905 878 1964 Caesiornm
907 1902 1127 1965 singulare
1160 1920 1203 1950 et
1236 1903 1436 1966 locuples
1468 1919 1582 1965 opus
1618 1905 1681 1947 Io.
1708 1898 1919 1963 Baptistae
1954 1899 2146 1951 Fonteii,

192 1984 296 2015 cum
319 1967 421 2011 Iulii
454 1967 654 2015 lacobini
673 1971 920 2032 appendice
951 1972 1095 2017 lucem
1121 1971 1234 2016 vidit
1258 1974 1428 2015 Bonon.
1471 1975 1609 2022 ¹<82·
1634 1965 1715 2014 fol.
1783 1970 1851 2012 De
1880 1981 2012 2027 gente
2034 1967 2150 2012 Vale-

192 2040 268 2081 ria
289 2032 424 2081 exstat
446 2033 560 2082 libet·
584 2035 731 2081 Iacobi
753 2037 1034 2099 Zubaressae,
1072 2037 1214 2083 italice
1240 2037 1383 2082 editus
1402 2036 1568 2082 Paduae
1599 2043 1733 2096 1664.
1748 2051 1790 2095 4.
1858 2034 2071 2080 Eiusdem
2093 2034 2148 2081 de

191 2118 326 2164 gen-te
348 2104 471 2147 Liuia
496 2101 610 2147 libet·
635 2104 818 2164 prodiit,
844 2103 951 2151 ibid.
989 2113 1122 2162 1669.
1145 2120 1189 2166 4.
1228 2107 1295 2150 De
1318 2101 1485 2149 familia
1501 2108 1721 2164 Caesennia
1749 2099 2064 2165 antiquiffimcis
2087 2106 2150 2148 in-

188 2167 457 2235 sdriptiones
484 2186 595 2215 aeuo
616 2166 870 2233 superstites
891 2176 1043 2219 Petrus
1068 2173 1292 2219 Antonius
1316 2169 1540 2218 Braschius
1574 2173 1620 2217 in
1645 2187 1787 2216 vnum
1814 2168 2045 2225 collectas,
2084 2171 2167 2216 di·-

191 2237 405 2285 lucidatas
426 2253 689 2300 ornatasque
713 2239 850 2284 edidit
877 2242 1043 2286 Romae
1065 2257 1201 2300 1731.
1223 2256 1266 2303 4.
1319 2243 1385 2285 De
1408 2242 1523 2296 vita,
1560 2238 1692 2284 rebus
1713 2237 1855 2299 gestis,
1883 2238 2031 2284 num'is
2060 2242 2150 2284 Titi
2238 2263 2243 2272 ι

193 2308 321 2354 Didii
341 2303 568 2360 Consulis,
606 2321 648 2352 et
673 2321 806 2366 gente
827 2310 957 2355 Didia
983 2305 1061 2353 Ios.
1089 2308 1281 2355 Bimardi
1302 2308 1378 2368 (de
1395 2309 1431 2352 la
1454 2305 1610 2367 Bastie)
1634 2323 1854 2370 parergon
1878 2307 2049 2370 prodiit
2061 2309 2167 2352 Lu-,
2230 2315 2232 2317 ’

194 2376 327 2420 tetiae
358 2387 496 2433 1730.
520 2387 560 2432 4
613 2376 681 2419 De
711 2391 843 2435 gente
875 2375 1031 2422 Curtia
1056 2377 1236 2422 Ioannis
1268 2379 1420 2421 Franc.
1448 2373 1625 2439 Iosephi
1659 2375 1843 2435 Bagnoli
1867 2373 1981 2420 liber
2003 2375 2050 2419 in
2083 2373 2149 2418 ln-

195 2458 295 2488 cem
320 2438 498 2489 emissus
520 2439 580 2489 e‘st
605 2444 832 2493 Bononiae
861 2457 998 2499 1741.
1024 2450 1065 2498 8.
1102 2447 1296 2490 Gentem
1320 2444 1534 2489 Aureliam
1557 2446 1659 2488 loan
1691 2441 1984 2488 Wunderlich
2004 2438 2148 2501 fingu·

195 2509 281 2554 lari
301 2510 684 2559 commentatione
708 2508 941 2558 illustrauit
962 2514 1092 2563 lenae
1123 2526 1258 2571 ¹754-
1281 2530 1324 2570 4.
1362 2515 1430 2558 De
1448 2512 1632 2558 Metellis
1654 2507 2171 2563 distet-it.M.Antonius
2195 2545 2197 2547 -
2262 2501 2263 2505 ¹

197 2577 423 2623 Ferrarius
458 2593 556 2639 pag.
596 2592 702 2633 ¹29.
734 2577 1037 2642 epistolarum.
1115 2579 1475 2626 Gentiliriorum'
1495 2581 1733 2624 nominum
1769 2579 2077 2621 Romanorum
2101 2577 2150 2624 in

203 2644 391 2690 Gruteri
411 2641 778 2707 inscriptionibus
801 2663 889 2692 non
912 2645 1152 2693 obuiorum
1167 2645 1480 2710 amphffimum
1495 2643 1772 2708 spicilegium
1795 2661 1845 2687 ex
1868 2644 2060 2706 antiquis
2081 2647 2150 2691 in-

204 2707 525 2779 scriptionibus
549 2711 731 2776 collegit
751 2714 1193 2783 RaphaelFabrettus
1216 2732 1309 2784 cap.
1334 2731 1448 2783 919·
1463 2711 1679 2779 597.1'qq.
1726 2711 1932 2763 humilias
1949 2715 2154 2777 Byzanti·
