2263 3027
856 130 952 184 DE
983 129 1308 186 comnis.
1348 188 1360 194 ,
1574 167 1577 169 -
1938 115 2063 205 7‘1'9¹

106 260 291 308 manica.
320 255 324 259 ’
360 259 432 306 De
454 271 620 306 corona
653 253 856 323 argentea
888 256 996 303 vide
1024 257 1362 321 Gundlingiana
1396 259 1489 307 XX.
1525 274 1564 322 3.
1592 259 1673 310 vbi
1701 274 1744 312 et
1777 262 1833 311 de
1861 278 1938 322 eo,
1982 284 2038 314 an

107 329 336 375 Henricus
362 330 462 375 VII.
497 338 663 373 vcorona
686 325 873 389 Imperii
894 327 1157 372 Germanici
1178 328 1452 391 Aquisgrani
1479 325 1618 377 fuerit
1648 347 1899 380 coronatus.
1969 338 2040 381 De

106 392 255 442 ferrea
273 396 348 441 illa
370 411 558 449 corona,
578 409 720 440 aurea
743 392 924 456 quidam
939 426 954 446 ,
988 389 1063 439 sed
1082 391 1233 441 ferreo
1257 395 1436 460 circello
1466 397 1654 446 interius
1673 414 1717 447 et
1740 399 1874 448 clauis
1897 403 2047 462 crucis

60 474 69 482 *
108 462 274 509 Christi
303 460 526 515 subtexta,
562 457 820 508 consulendi
860 457 962 506 sunt
990 463 1046 509 V.
1080 464 1129 509 C.
1162 463 1340 514 Ludov.
1369 466 1594 513 Antonius
1615 469 1896 516 Muratorius
1914 474 1972 517 T.
1998 485 2039 518 2.

101 531 372 578 Anecdoton
393 529 692 578 Bibliothecae
713 526 1028 575 Ambrosianae
1048 533 1101 575 A.
1131 538 1268 589 1698.
1288 547 1336 593 4.
1361 532 1495 580 edito.
1526 550 1570 598 p.
1594 537 1692 596 267
1722 534 1819 600 sqq.
1896 535 2040 587 Iustus

105 602 143 646 F
147 600 385 645 oiitzniinus
411 600 457 644 in
481 593 780 643 dissertatione
800 596 856 642 de
876 612 1041 643 corona
1062 593 1207 643 ferrea
1229 599 1812 662 LongobardorumsRom.
1834 616 1979 665 1717.
1999 620 2041 661 4.

106 666 246 719 edita,
289 681 334 712 et
363 682 465 712 cum
495 665 739 710 Muratorii
769 666 1094 712 commentario
1131 662 1281 712 recusa
1323 666 1495 731 Lipsiae
1524 685 1661 730 1719.
1688 679 1730 726 8.
1802 673 2043 719 Bartholo-

106 751 257 780 maeus
269 734 491 780 Zucchius
510 733 558 777 in
578 730 762 777 historia
781 749 975 779 coronae
995 729 1167 780 ferreae
1187 733 1335 780 Italice
1357 735 1484 788 edita,
1510 751 1553 782 et
1565 741 1756 785 Bzouius
1779 739 1833 786 ad
1846 745 1896 788 A.
1913 757 1927 786 1
1940 756 2044 798 431.

104 818 149 865 p.
177 817 246 860 19.
266 818 389 848 num.
410 813 488 857 49.
554 802 624 846 De
644 801 977 863 Imperatorum
1001 800 1347 854 CPolitanorurn
1376 804 1557 850 coronis
1586 806 1692 853 vide
1720 809 1941 869 Cangium
1965 805 2045 854 dis-

105 866 206 917 sert.
222 882 300 933 24.
320 868 372 915 ad
383 865 634 915 Ionuillam.
676 868 807 914 Ordo
827 868 881 915 ad
903 867 1260 915 benedicendum
1275 872 1601 934 Imperatorem
1623 874 1803 936 quando
1826 892 2044 923 coronam

104 938 264 1001 accipit
285 935 444 983 obuius
466 933 526 981 est
552 934 670 999 apud
701 936 1023 982 Mabillonium
1046 938 1104 981 T.
1126 949 1169 986 2.
1193 934 1339 983 Musei
1358 939 1499 985 Italici
1530 955 1574 1002 p.
1599 953 1692 997 215
1715 939 1808 1005 l'ch.
1880 946 1950 989 De
1975 959 2045 989 co·
2065 933 2074 943 ⁸

102 1007 339 1061 ronatiQne
355 1005 553 1064 reginae,
578 1003 698 1058 idem
721 1003 780 1050 ib.
802 1020 847 1069 p.
867 1007 980 1067 404.
1011 1004 1141 1064 regiS‚
1161 1021 1262 1069 pag.
1289 1019 1400 1066 407.
1460 1007 1713 1067 Liturgiam
1738 1012 2045 1056 coronationis

103 1069 481 1125 Mediolanenfis,
527 1072 721 1117 Henrici
748 1075 784 1119 Ι.
822 1071 1134 1136 deprehendes
1179 1072 1297 1136 apud
1330 1075 1638 1120 Muratorium
1671 1078 1728 1121 T.
1759 1089 1801 1125 2.
1824 1077 2059 1126 Anecdot.‘

62 1168 65 1169 ν
103 1156 204 1205 pag.
231 1148 320 1200 328
345 1137 406 1203 sq.
477 1141 547 1185 De
577 1139 746 1204 triplici
779 1155 947 1186 corona
975 1136 1208 1186 Pontificis
1234 1142 1431 1187 Romani
1460 1146 1506 1189 B.
1532 1144 1588 1187 D.
1612 1145 1827 1205 Mayerus
1848 1143 1967 1191 libro
1989 1144 2048 1191 de

104 1206 324 1254 elestione
344 1204 572 1254 Pontificis
596 1209 803 1255 Romani.
851 1211 904 1253 R.
926 1210 982 1256 D.
1003 1208 1234 1254 Henricus
1256 1209 1525 1273 Pippingius
1546 1210 1595 1256 in
1616 1207 1780 1259 differt.
1800 1211 1857 1259 de
1878 1228 2047 1261 corona

102 1275 178 1321 illa
191 1272 359 1337 Lipsiae
377 1274 557 1335 vulgata
575 1290 617 1321 et
634 1277 686 1323 in
706 1277 799 1321 eius
820 1272 1196 1323 dissertationibus
1219 1276 1494 1323 iuuenilibus
1518 1275 1683 1324 recusa.
1753 1279 1874 1327 Vide
1898 1282 2047 1337 etiam,

104 1340 136 1387 fi
157 1341 324 1405 placet,
353 1341 570 1404 Theoph.
591 1342 889 1403 Raynaudum
916 1343 972 1388 de
1005 1359 1174 1388 corona
1209 1358 1253 1389 et
1282 1346 1414 1390 mitra
1443 1345 1611 1407 triplici
1636 1349 1800 1409 Papae,
1837 1358 1964 1395 tomo
1992 1351 2046 1398 X.

106 1406 337 1472 Operum,
372 1405 705 1469 D.10.Wolfg.
728 1409 899 1468 laegeri
916 1406 1031 1454 Hist.
1051 1405 1213 1454 Ecclel‘.
1236 1406 1397 1457 saeculi
1423 1425 1499 1472 17.
1525 1411 1701 1459 Decade
1728 1427 1766 1461 1.
1792 1430 1838 1479 p.
1866 1431 1963 1478 150
1983 1412 2046 1479 sq.

106 1475 348 1525 Matthiam
359 1476 783 1521 Zimmermannum
806 1475 862 1521 de
883 1473 1112 1523 montibus
1131 1477 1311 1540 pietatis
1330 1493 1431 1541 pag.
1457 1493 1548 1541 371
1573 1475 1634 1543 sq.
1662 1494 1704 1526 et
1724 1479 1872 1531 Iacob.
1895 1480 2048 1530 Basna-

108 1544 246 1603 glum.
264 1542 318 1588 ad
351 1541 511 1589 Canisii
541 1540 756 1589 leE‘ciones
782 1543 983 1606 antiquas
1012 1558 1121 1600 tom.
1146 1546 1223 1595 IV.
1253 1561 1356 1608 pag.
1380 1561 1488 1604 174.
1561 1549 1774 1594 Ceterum
1793 1548 1975 1597 Choifio
1996 1552 2047 1603 ia

106 1607 292 1656 historia
313 1610 516 1674 Philippi
537 1607 697 1656 Valesii
718 1624 761 1656 et
780 1612 961 1656 Ioannis
984 1610 1157 1658 Galliae
1177 1613 1377 1672 Regum,
1415 1612 1727 1665 Gallice—edita
1746 1615 1825 1665 lib.
1854 1636 1893 1664 1.
1915 1622 1949 1678 §.
1971 1633 1987 1666 1
2002 1635 2044 1669 1.

105 1675 228 1723 refite
252 1674 537 1724 obseruatum
559 1675 641 1731 est,
681 1694 704 1723 a
725 1680 894 1724 Ioanne
907 1680 1046 1724 XXII.
1058 1678 1262 1742 primum
1277 1689 1494 1726 coronam
1517 1684 1736 1745 Paparum
1756 1680 1886 1732 fuifl'e
1903 1687 2048 1758 tripli·

107 1759 269 1798 catam,
306 1749 349 1783 Ῐ9
385 1761 526 1807 quum
561 1760 735 1791 veteres
766 1742 1005 1792 Pontifices
1034 1746 1169 1809 mitra
1199 1746 1426 1810 Phrygiae
1462 1745 1560 1796 fere
1588 1746 1730 1806 *simili
1760 1749 1825 1797 vfi
1852 1750 2048 1807 fuifl'ent.

105 1808 354 1858 Hormisda
384 1811 529 1858 datam
550 1809 683 1858 fibi-a
714 1812 949 1859 Clodoveo
973 1812 1143 1860 Galliae
1166 1816 1217 1862 R.
1241 1830 1459 1862 coronam
1490 1832 1667 1863 auream
1693 1819 1871 1882 primus
1897 1818 2049 1884 gestas-

49 1931 52 1933 >
106 1875 194 1935 set,
241 1893 284 1925 et
310 1877 566 1926 Bonifacius
593 1877 775 1926 oCtauus
804 1896 900 1927 eam
935 1878 1223 1945 duplicaffet,
1271 1880 1489 1930 saeculare
1525 1889 1572 1914 ²0
1606 1900 1699 1931 non
1731 1888 1881 1935 minus
1911 1905 2049 1953 quam

107 1944 456 1994 Ecclesiasticum
476 1945 562 1993 fine
583 1944 810 2011 spirituale
840 1950 907 1994 ius
927 1962 1059 2011 atque
1089 1950 1336 2014 imperium
1353 1948 1482 1998 suum
1506 1945 1799 2003 indicaturus,
1871 1960 1941 2004 De
1964 1958 2048 2004 mi-

108 2028 175 2059 tra
206 2011 432 2061 Pontificis
458 2012 713 2061 conferatur
741 2018 935 2077 Cangius
961 2017 1010 2062 in
1041 2018 1379 2076 Camelucicium,
1421 2034 1465 2066 et
1483 2020 1685 2082 Angelus
1705 2024 1851 2070 Roc·ca
1882 2026 1931 2072 in
1955 2026 2047 2073 the·

108 2077 236 2127 sauro
267 2081 581 2144 antiquitatum
604 2079 824 2142 sacrarum
854 2087 912 2130 T.
941 2099 977 2129 1.
997 2100 1044 2148 p.
1072 2100 1102 2147 7
1125 2100 1169 2133 et
1195 2095 1238 2136 8.

245 2152 316 2194 De
348 2149 621 2212 praelatione
652 2148 858 2204 fascium,
903 2148 1087 2208 securis,
1123 2155 1263 2215 ignis,
1313 2154 1599 2220 aliorumque
1627 2157 1852 2205 eiusmodi
1887 2156 2047 2206 consu-

110 2216 270 2263 lendus
304 2216 559 2263 Alexander
578 2215 631 2262 ab
656 2218 909 2264 Alexandro
930 2218 1004 2266 lib.
1034 2237 1072 2268 1.
1102 2238 1194 2285 cap.
1216 2235 1290 2282 27.
1315 2225 1347 2268 I.
1374 2226 1421 2269 C.
1454 2227 1733 2272 Becmannus
1765 2224 1858 2273 diff.
1885 2235 1925 2281 8.
1965 2242 2047 2272 no·

112 2286 233 2332 titi-ae
262 2284 482 2347 dignitatt.
512 2281 773 2340 illustrium,
811 2300 854 2333 et
879 2289 935 2332 D.
964 2288 1086 2334 Frid.
1118 2289 1370 2354 Rappoltus
1402 2286 1494 2337 diff.
1522 2290 1578 2337 de
1607 2290 1856 2353 insignibus
1869 2292 2047 2358 ‘princi-

1082 2357 1138 2402 M
1176 2373 1203 2401 2
1915 2374 2045 2425 patus

167 2451 204 2478 ¹9
226 2446 291 2488 Ad
313 2445 552 2486 Bonifacium
575 2456 690 2498 Vsque
710 2443 893 2500 simplex,
923 2446 972 2486 ad
993 2446 1196 2488 Vrbanum
1220 2449 1267 2489 V.
1292 2443 1436 2502 duplex
1452 2479 1462 2497 ,
1492 2448 1582 2490 inde
1602 2449 1742 2503 triplex
1762 2461 1914 2493 corona.
1972 2452 2045 2494 Vi-

112 2501 162 2542 de
181 2504 313 2543 Franc.
333 2503 421 2556 Pagi
440 2499 557 2555 praef.
581 2500 627 2539 ad
653 2502 743 2540 vitas
767 2501 995 2542 Pontificum
1018 2517 1104 2557 pag.
1129 2510 1194 2551 18.
1338 2520 1340 2522 ’
1999 2533 2003 2536 «
2068 2553 2072 2557 x

170 2561 208 2581 ²⁰
230 2561 401 2612 Angelus
419 2557 566 2597 Roccha
593 2557 631 2596 in
661 2556 915 2597 Bibliothecae
935 2560 1139 2599 Vaticanae
1164 2557 1414 2612 descriptione
1436 2574 1521 2614 pag.
1544 2569 1580 2612 ς.
1635 2562 1768 2617 Qum
1790 2561 1971 2617 Pontrflx
1986 2577 2046 2605 co-

112 2623 290 2660 ronatur,
326 2615 440 2667 capiti
460 2615 536 2652 eius
559 2613 682 2657 tiara,
713 2624 825 2665 quam
854 2626 1018 2667 reguum
1033 2614 1183 2655 'mundi
1207 2626 1363 2664 vocant,
1399 2614 1624 2668 imponitur,
1652 2616 1776 2656 tribus
1802 2617 1966 2670 constans
1988 2632 2043 2659 co-

112 2669 237 2718 ronis,
263 2679 339 2708 tres
354 2669 572 2722 potestates,
601 2667 635 2707 h.
657 2682 684 2706 e.
714 2669 1012 2720 imperatoriam,
1047 2672 1185 2725 regiam
1217 2681 1253 2710 et
1273 2670 1564 2723 shcerdotalem,
1595 2672 1804 2724 plenariam
1824 2672 1973 2726 fitilicet
2005 2682 2045 2713 et

113 2718 353 2774 vniuerfitlem
370 2726 486 2764 totius
511 2724 607 2762 orbis
634 2723 890 2763 auam-itatem
926 2721 1297 2778 repraefintantibns.
1358 2727 1598 2767 Innocentius
1620 2727 1685 2765 111.
1708 2728 1894 2768 Romanus
1919 2730 2043 2769 Ponti-

103 2775 180 2829 ftx
198 2777 238 2814 in
248 2776 394 2830 fignum
413 2780 559 2831 impes-ii
579 2780 704 2818 vtitur
725 2792 834 2833 regno
851 2780 1034 2831 (corona)
1055 2791 1095 2819 et
1114 2780 1310 2834 insignum
1326 2781 1511 2834 pontificii
1535 2783 1661 2822 vtitur
1678 2783 1820 2824 mitra:
1839 2782 1913 2836 fid
1927 2785 2045 2824 mitra

102 2830 250 2885 simper
268 2833 390 2875 vritur
407 2844 443 2877 et
463 2835 615 2891 vbique,
649 2847 757 2889 regno
782 2847 865 2876 vcro
884 2847 947 2876 nec
964 2835 1094 2890 vbique
1110 2835 1340 2890 necfi’mper.
1397 2837 1495 2879 Vide
1517 2837 1707 2892 Cangium
1725 2838 1765 2879 in
1786 2839 1963 2892 Regnum.
