2263 3027
266 137 368 173 200
570 116 741 172 CAP.
768 117 832 171 V.
902 114 1512 171 GEOGRAPHIAE
1565 115 1907 173 VETERIS

271 243 549 299 dubitamus,
598 246 708 308 quin
728 244 854 297 haec,
899 243 1182 308 quaeadhue
1210 243 1487 291 emendanda
1520 244 1567 291 in
1598 241 1742 296 studio
1767 246 2073 311 geographico
2113 244 2207 294 fue-

272 314 375 364 rint,
414 310 602 358 feliciter
627 314 922 374 corrigantur,
952 327 1097 375 quum
1116 309 1297 366 societas
1326 310 1708 377 cosmog'raphiea‚
1745 331 1857 377 quae
1873 313 2208 375 Norimbergae

269 379 426 432 floret,
463 390 599 425 omne
621 378 814 426 studium
840 396 1115 443 omnemque
1136 397 1320 445 operam
1346 383 1389 426 in
1415 382 1481 439 iis,
1529 398 1639 443 quae
1662 383 1707 427 in
1730 380 1874 427 studio
1901 383 2207 446 geographico

274 447 511 493 desiderata
539 448 684 494 adhuc
717 447 812 502 lint,
849 444 1106 512 supplendis
1136 465 1285 512 ponat.
1398 451 1534 494 Cuius
1566 450 1749 511 quidem
1784 449 1948 512 laboris
1978 448 2209 512 specimen

273 513 685 578 praestantiffimum
727 516 848 561 dedit
880 520 917 562 V
925 553 933 560 .
968 516 1032 564 Cl.
1093 519 1244 562 Antan.
1278 518 1468 562 Frieder.
1510 517 1714 582 Bzffihing
1747 517 1942 564 laudatae
1988 517 2207 563 societatis

273 582 531 640 membrum
556 581 872 644 digniffimum,
898 600 1030 637 noua,>
1067 601 1197 647 quam
1222 599 1414 647 quatuor
1433 586 1480 628 in
1502 581 1650 630 forma
1673 583 1939 648 ogtopartita
1962 585 2207 630 volumini⁴

275 650 356 696 bus
381 651 511 696 edere
532 667 664 714 parat,
705 653 1000 715 geographia:
1059 655 1180 698 cuius
1204 653 1292 697 duo
1315 654 1467 715 priora
1488 649 1640 711 caecus-a
1662 649 1762 699 sunt
1798 652 1965 709 Hamb.
2000 668 2142 712 1754.

345 722 463 766 XiV.
504 716 765 782 Hispaniam
795 734 993 765 veterem
1030 717 1255 783 descripsit
1278 722 1432 765 Ludov.
1456 724 1626 775 Nonius,
1665 719 1869 766 Medicus
1898 719 2211 783 Antwerpien-

274 783 343 841 fis,
378 784 585 846 fingular'i
608 786 726 832 libro
749 792 981 851 Antwerp.
1018 795 1155 845 1607.
1195 795 1237 841 8.
1295 802 1337 834 et
1367 790 1414 832 in
1435 789 1569 833 Andr.
1590 787 1752 834 Schotti
1777 785 1995 852 Hispania
2027 785 2208 834 illustra-

276 867 329 904 ta,
372 855 417 898 in
449 871 534 915 qua
566 854 783 900 nonnulla
805 854 902 901 loca
929 872 1032 901 orae
1065 857 1313 902 maritimae
1343 855 1394 900 ab
1429 857 1606 901 Auieno
1639 856 1888 902 decantatae
1919 853 2210 900 illustrantur.

277 922 568 984 Gcograpliia
599 937 724 966 vetus
751 923 936 967 illorum
963 922 1182 968 tractuum
1216 924 1359 969 lucem
1393 924 1527 969 ctiam
1557 925 1716 987 accipit
1737 941 1760 969 e
1782 927 1880 970 Luc.
1904 924 2035 970 Andr.
2063 922 2205 983 qui‘n-

271 991 338 1032 -dii
357 988 692 1050 antiquitatibus
707 988 982 1042 Lulitaniac,
1027 1008 1050 1037 e
1072 994 1181 1035 Imm.
1206 991 1351 1051 I'zglizez‘
1369 990 1599 1037 annalibus
1624 1008 1776 1036 rerum
1799 988 2013 1055 hispanie.
2039 1005 2209 1037 memo-

276 1054 484 1100 rabilium
497 1088 508 1108 ,
578 1072 620 1102 et
641 1073 694 1101 ex
726 1059 839 1103 Ioan.
858 1061 1089 1103 Marianae-
1108 1076 1261 1104 rerum
1284 1055 1612 1122 hispanicarum
1635 1056 1840 1110 historia,
1894 1058 2074 1105 Arnaldi
2093 1056 2210 1103 oilae-

276 1127 398 1168 narti
436 1124 594 1169 notitia
623 1125 856 1187 Vtriusque
891 1123 1146 1181 Vaseoniae,
1189 1123 1319 1174 Paris.
1350 1138 1405 1175 16
1416 1135 1490 1186 38.
1528 1144 1576 1172 ac
1600 1130 1758 1172 NIarca
1782 1126 2004 1192 hispanica,
2035 1122 2063 1171 s.
2084 1128 2210 1172 Petri

277 1192 328 1234 de
359 1194 536 1243 Μἰινσα,
602 1190 946 1256 Arehicpiscopi
977 1192 1220 1239 Parifienfis
1252 1195 1556 1258 geographica
1593 1210 1636 1239 ct
1664 1192 1873 1239 historica
1907 1190 2209 1257 descriptione

278 1257 554 1311 Cataloniae,
607 1257 874 1305 Ruscinonis
904 1277 946 1305 et
979 1263 1390 1307 circumiacentium
1421 1261 1718 1325 populorum.
1768 1258 1896 1306 Paris.
1939 1267 2076 1314 1688.
2119 1256 2201 1307 fol.

277 1329 346 1370 De
366 1327 549 1379 Carteia,
591 1323 832 1390 Hispaniae
854 1329 1051 1391 oppido,
1092 1330 1213 1374 cuius
1236 1330 1446 1374 meminit
1465 1330 1631 1390 *Liuius
1663 1327 1740 1373 lib.
1776 1335 1851 1382 28.
1885 1345 1979 1390 cap.
2009 1342 2086 1389 30.
2128 1323 2229 1372 dis-‚

271 1390 381 1455 ¹serit
403 1396 573 1439 Ioannes
595 1397 792 1439 Conduitt
812 1396 857 1440 in
879 1397 1257 1440 commentatione
1277 1395 1495 1457 peculiari
1516 1392 1676 1439 inserta
1695 1391 2025 1458 Philosophicis
2047 1398 2212 1440 Trans-

277 1458 527 1506 affionibus
554 1462 657 1505 Vol.
682 1476 757 1519 30.
795 1478 838 1525 p.
861 1476 954 1520 903
973 1493 988 1501 -
999 1474 1114 1518 922.
1150 1463 1198 1507 in
1233 1478 1319 1524 qua
1350 1465 1568 1507 Carteiam
1598 1457 1684 1507 effe
1718 1460 1855 1507 hodic
1887 1462 2110 1515 Rocadillo,
2146 1461 2212 1507 lo-

277 1545 377 1573 cum
399 1544 443 1583 4.
496 1527 761 1574 milliaribus
782 1546 805 1574 a
825 1527 1092 1576 Gibraltaria
1116 1545 1370 1581 remotum,
1418 1527 1611 1591 probare
1640 1529 1882 1576 contendit.
1980 1529 2211 1589 Por-tugal-

276 1596 359 1640 liae
389 1592 750 1658 descriptionem·
772 1595 953 1642 lufitana
983 1597 1134 1655 lingua
1163 1596 1285 1641 dedit
1312 1599 1516 1640 Antonius
1545 1597 1754 1641 Carvalho
1784 1599 1836 1641 da
1866 1597 1974 1659 Costa
2004 1593 2083 1642 sub
2119 1598 2207 1642 hoc

277 1662 445 1706 indice:
483 1661 740 1722 Corografia
760 1656 1361 1726 Portuguezaedeseripgam
1375 1660 1690 1727 Topografica.
1734 1663 2040 1727 Vlyslippone
2066 1669 2207 1728 1706.

275 1730 440 1774 Tomis
463 1727 605 1774 tribus
643 1730 688 1774 in
706 1726 836 1774 folio.

451 1796 619 1841 Italiam
650 1799 876 1860 antiquam
911 1813 1074 1859 magno
1102 1796 1245 1843 studio
1276 1794 1299 1843 a
1328 1797 1433 1843 Phil.
1465 1797 1638 1844 Cluuero
1677 1798 1937 1844 declaratam
1975 1796 2207 1850 habemus,

277 1878 391 1926 quae
419 1861 520 1927 post
547 1880 743 1910 mortem
774 1866 866 1911 eius
888 1883 909 1910 a
942 1868 1051 1911 Dan.
1084 1867 1247 1927 Heinsio
1278 1865 1422 1926 Lugd.
1454 1869 1598 1911 Batav.
1637 1875 1775 1928 1624.
1825 1862 1904 1910 fol.
1934 1865 2069 1911 duob.
2099 1865 2208 1912 voll.

279 1930 395 1976 edita
423 1929 495 1977 est.
606 1933 826 1991 Siciliam,
861 1932 1132 1985 Sardiniam,
1171 1931 1392 1978 Corsicam
1423 1935 1650 1995 antiquam
1676 1933 1727 1978 ab
1757 1934 1918 1979 eodem
1950 1931 2132 1978 auctore
2162 1933 2208 1977 il·

223 2040 228 2044 .
278 1995 501 2055 lustratam
541 1997 756 2046 habemus
790 2016 832 2046 et
863 2001 1027 2047 editam
1066 2001 1276 2062 Lugdun.
1304 1999 1449 2063 Batav.
1494 2008 1629 2058 ¹619.
1664 1997 1742 2045 fol.
1791 1999 2022 2045 adieelam'
2044 1999 2207 2046 deinde

277 2065 427 2114 Italiae
466 2069 682 2130 antiquae.
782 2069 1026 2131 Epitomen
1067 2070 1159 2114 eius
1201 2070 1352 2132 operis
1384 2069 1669 2114 coneinnauit
1705 2070 1874 2113 Ioannes
1900 2071 2031 2123 Buno,
2066 2067 2207 2114 Guel-

278 2133 441 2197 pherb.
488 2146 625 2192 1659.
667 2149 711 2196 4.
821 2135 1479 2199 Animaduerliones>quasdam
1516 2151 1558 2181 et
1587 2132 1889 2197 castigationes
1927 2134 2206 2196 marginibus

279 2200 387 2248 libri
438 2198 502 2248 sui
546 2200 831 2268 adscripserat
878 2207 1012 2249 Lucas
1043 2205 1304 2266 Holstenius,
1396 2219 1508 2265 quae
1552 2201 1653 2266 post
1693 2219 1888 2249 mortem
1929 2204 2022 2248 eius
2063 2202 2206 2248 editae
2262 2224 2263 2267 j

281 2264 384 2316 sunt
408 2272 579 2316 Romae
613 2275 752 2321 1666.
790 2280 832 2326 8.
941 2275 1102 2317 Fuerat
1132 2288 1242 2317 vero
1273 2269 1535 2316 Holste⁶nius
1567 2270 1763 2317 Cluuero
1796 2270 1967 2316 Italiam
2001 2269 2205 2317 lustr-anti
2259 2326 2262 2331 ἦ

280 2337 454 2383 itineris
477 2334 644 2392 socius,
682 2340 760 2402 qui
780 2336 880 2403 post
910 2340 1002 2384 eius
1024 2337 1110 2385 fata
1140 2339 1300 2384 viduae
1329 2355 1509 2401 quoque
1538 2354 1580 2384 et
1611 2336 1787 2385 filiabus
1819 2339 1913 2384 eius
1944 2335 2128 2383 consilio
2161 2351 2222 2383 et-
2258 2358 2261 2390 2

281 2419 370 2467 ope
390 2402 552 2464 adfuit,
589 2423 726 2470 quum
750 2407 939 2451 minime
962 2406 1072 2451 lauta
1093 2423 1142 2451 re
1161 2402 1371 2452 familiari
1393 2406 1486 2451 illas
1507 2406 1727 2452 Cluucrus
1748 2402 2009 2467 reliquisset(
2073 2407 2205 2451 Com·

282 2469 430 2534 posuit
459 2475 916 2536 qnoquerAthanastus
935 2474 1169 2519 Kircherus
1191 2475 1384 2526 Latium,
1422 2474 1447 2518 i.
1471 2490 1506 2519 e.
1544 2490 1710 2519 nouam
1740 2489 1782 2519 et
1801 2472 2204 2536 parallel-ainLatii
2255 2492 2259 2525 ζ

284 2550 381 2582 tum
410 2543 575 2587 veteris
602 2558 697 2588 tum
735 2544 846 2589 noui
882 2538 1243 2605 descriptionem.
1291 2544 1459 2586 Romae
1508 2548 1645 2599 1669.
1698 2557 1741 2587 et
1781 2538 2027 2587 Amstelod.
2064 2546 2202 2598 1671.
2254 2548 2258 2594 ἴ

284 2598 366 2648 fol.
412 2605 458 2648 in
479 2610 601 2668 quod
626 2608 794 2656 exstant
812 2610 1146 2666 emendationes
1171 2607 1619 2673 &phaeba-fabrati,
1663 2608 1820 2659 italice,
1857 2604 2042 2653 insertae
2063 2610 2123 2665 T.
2158 2623 2200 2666 3.
2253 2633 2255 2640 π

287 2666 639 2720 dissertationum
662 2678 709 2721 in
730 2678 966 2723 Academia
996 2674 1259 2723 Cortonenfi
1280 2675 1593 2722 recensitarum
1614 2693 1658 2739 p.
1684 2689 1794 2723 221.
1815 2671 1934 2737 seqq.
2026 2674 2201 2720 Veteris
2252 2671 2255 2712 ἓ

283 2738 404 2785 Latii
437 2737 620 2805 profani
659 2741 1006 2810 descriptionem
1049 2744 1154 2792 dare
1200 2745 1348 2810 eoepit
1396 2747 1555 2793 Petrus
1593 2743 1868 2804 Marcellinus
1905 2743 2166 2790 Corradinus
2187 2773 2200 2792 ‚
2250 2750 2254 2802 ᾗ

2026 2807 2200 2857 duobus
2249 2836 2252 2857 ς
