<?xml version="1.0" encoding="UTF-8"?>
<!DOCTYPE html PUBLIC "-//W3C//DTD XHTML 1.0 Transitional//EN"
    "http://www.w3.org/TR/xhtml1/DTD/xhtml1-transitional.dtd">
<html xmlns="http://www.w3.org/1999/xhtml" xml:lang="en" lang="en">
 <head>
  <title>
</title>
<meta http-equiv="Content-Type" content="text/html;charset=utf-8" />
  <meta name='ocr-system' content='tesseract 3.04.00' />
  <meta name='ocr-capabilities' content='ocr_page ocr_carea ocr_par ocr_line ocrx_word'/>
</head>
<body>
  <div class='ocr_page' id='page_1' title='image "./ioalbertifabrici00fabr/ioalbertifabrici00fabr_0117.png"; bbox 0 0 2263 3027; ppageno 0'>
   <div class='ocr_carea' id='block_1_1' title="bbox 485 106 2001 176">
    <p class='ocr_par' dir='ltr' id='par_1_1' title="bbox 485 106 2001 176">
     <span class='ocr_line' id='line_1_1' title="bbox 485 106 2001 176; baseline 0.002 -15"><span class='ocrx_word' id='word_1_1' title='bbox 485 108 988 161; x_wconf 82' lang='lat' dir='ltr'><strong>SCRIPTORES</strong></span> <span class='ocrx_word' id='word_1_2' title='bbox 1069 106 1571 176; x_wconf 84' lang='lat' dir='ltr'><strong>GENERALES.</strong></span> <span class='ocrx_word' id='word_1_3' title='bbox 1937 125 2001 174; x_wconf 80' lang='lat'>93</span> 
     </span>
    </p>
   </div>
   <div class='ocr_carea' id='block_1_2' title="bbox 0 230 2009 2883">
    <p class='ocr_par' dir='ltr' id='par_1_2' title="bbox 58 230 2006 1115">
     <span class='ocr_line' id='line_1_2' title="bbox 198 230 2002 300; baseline -0.001 -16"><span class='ocrx_word' id='word_1_4' title='bbox 198 241 277 284; x_wconf 86' lang='lat' dir='ltr'><strong>IV.</strong></span> <span class='ocrx_word' id='word_1_5' title='bbox 313 241 455 290; x_wconf 88' lang='lat' dir='ltr'>Breue</span> <span class='ocrx_word' id='word_1_6' title='bbox 484 230 808 299; x_wconf 84' lang='lat' dir='ltr'>compendium</span> <span class='ocrx_word' id='word_1_7' title='bbox 830 231 1054 278; x_wconf 86' lang='lat' dir='ltr'>tironibus</span> <span class='ocrx_word' id='word_1_8' title='bbox 1085 231 1302 294; x_wconf 84' lang='lat' dir='ltr'>exhibent</span> <span class='ocrx_word' id='word_1_9' title='bbox 1320 249 1496 299; x_wconf 85' lang='lat' dir='ltr'>praeter</span> <span class='ocrx_word' id='word_1_10' title='bbox 1519 236 1602 280; x_wconf 78' lang='lat' dir='ltr'>Iac.</span> <span class='ocrx_word' id='word_1_11' title='bbox 1621 235 1856 297; x_wconf 75' lang='lat' dir='ltr'>Mastmium</span> <span class='ocrx_word' id='word_1_12' title='bbox 1876 233 2002 300; x_wconf 79' lang='lat' dir='ltr'>supe·-</span> 
     </span>
     <span class='ocr_line' id='line_1_3' title="bbox 63 302 2001 369; baseline -0.001 -17"><span class='ocrx_word' id='word_1_13' title='bbox 63 308 182 352; x_wconf 87' lang='lat' dir='ltr'>riore</span> <span class='ocrx_word' id='word_1_14' title='bbox 206 306 347 369; x_wconf 78' lang='lat' dir='ltr'>capite</span> <span class='ocrx_word' id='word_1_15' title='bbox 371 323 394 351; x_wconf 88' lang='lat' dir='ltr'>a</span> <span class='ocrx_word' id='word_1_16' title='bbox 416 304 745 356; x_wconf 74' lang='lat' dir='ltr'>nie-laudatum,</span> <span class='ocrx_word' id='word_1_17' title='bbox 779 302 1081 363; x_wconf 72' lang='lat' dir='ltr'>‘Antiquitates</span> <span class='ocrx_word' id='word_1_18' title='bbox 1103 304 1331 348; x_wconf 75' lang='lat' dir='ltr'>Romanae</span> <span class='ocrx_word' id='word_1_19' title='bbox 1344 305 1507 366; x_wconf 81' lang='lat' dir='ltr'>Sacrae,</span> <span class='ocrx_word' id='word_1_20' title='bbox 1547 302 1727 356; x_wconf 84' lang='lat' dir='ltr'>Ciuiles‚</span> <span class='ocrx_word' id='word_1_21' title='bbox 1764 304 2001 358; x_wconf 71' lang='lat' dir='ltr'>Militares,</span> 
     </span>
     <span class='ocr_line' id='line_1_4' title="bbox 63 368 1999 436; baseline -0.002 -16"><span class='ocrx_word' id='word_1_22' title='bbox 63 376 396 420; x_wconf 81' lang='lat' dir='ltr'>Oeconomicae</span> <span class='ocrx_word' id='word_1_23' title='bbox 414 372 594 436; x_wconf 80' lang='lat' dir='ltr'>Philippi</span> <span class='ocrx_word' id='word_1_24' title='bbox 610 371 764 423; x_wconf 76' lang='lat' dir='ltr'>Caroli,</span> <span class='ocrx_word' id='word_1_25' title='bbox 801 368 1056 430; x_wconf 85' lang='lat' dir='ltr'>Neoburgo</span> <span class='ocrx_word' id='word_1_26' title='bbox 1082 369 1291 427; x_wconf 76' lang='lat' dir='ltr'>Palatini,</span> <span class='ocrx_word' id='word_1_27' title='bbox 1326 385 1368 416; x_wconf 90' lang='lat' dir='ltr'>et</span> <span class='ocrx_word' id='word_1_28' title='bbox 1389 372 1438 417; x_wconf 88' lang='lat' dir='ltr'>in</span> <span class='ocrx_word' id='word_1_29' title='bbox 1460 370 1594 418; x_wconf 87' lang='lat' dir='ltr'>Acad.</span> <span class='ocrx_word' id='word_1_30' title='bbox 1617 369 1871 417; x_wconf 81' lang='lat' dir='ltr'>Altdorfina</span> <span class='ocrx_word' id='word_1_31' title='bbox 1892 375 1999 417; x_wconf 57' lang='lat' dir='ltr'>Pro-2</span> 
     </span>
     <span class='ocr_line' id='line_1_5' title="bbox 61 434 1999 503; baseline -0.001 -16"><span class='ocrx_word' id='word_1_32' title='bbox 61 439 264 495; x_wconf 72' lang='lat' dir='ltr'>feisoris,</span> <span class='ocrx_word' id='word_1_33' title='bbox 301 442 407 503; x_wconf 88' lang='lat' dir='ltr'>(qui</span> <span class='ocrx_word' id='word_1_34' title='bbox 431 438 536 484; x_wconf 86' lang='lat' dir='ltr'>inde</span> <span class='ocrx_word' id='word_1_35' title='bbox 559 443 607 484; x_wconf 85' lang='lat' dir='ltr'>A.</span> <span class='ocrx_word' id='word_1_36' title='bbox 639 448 771 494; x_wconf 84' lang='lat'><strong>1629.</strong></span> <span class='ocrx_word' id='word_1_37' title='bbox 792 434 975 482; x_wconf 85' lang='lat' dir='ltr'>desertis</span> <span class='ocrx_word' id='word_1_38' title='bbox 1001 453 1146 483; x_wconf 87' lang='lat' dir='ltr'>vxore</span> <span class='ocrx_word' id='word_1_39' title='bbox 1168 453 1210 483; x_wconf 93' lang='lat' dir='ltr'>et</span> <span class='ocrx_word' id='word_1_40' title='bbox 1231 437 1386 485; x_wconf 87' lang='lat' dir='ltr'>liberis</span> <span class='ocrx_word' id='word_1_41' title='bbox 1407 439 1461 484; x_wconf 86' lang='lat' dir='ltr'>ad</span> <span class='ocrx_word' id='word_1_42' title='bbox 1483 436 1824 485; x_wconf 77' lang='lat' dir='ltr'>Pontificiorum</span> <span class='ocrx_word' id='word_1_43' title='bbox 1847 454 1999 485; x_wconf 84' lang='lat' dir='ltr'>coetus</span> 
     </span>
     <span class='ocr_line' id='line_1_6' title="bbox 62 501 2002 567; baseline -0.001 -13"><span class='ocrx_word' id='word_1_44' title='bbox 62 511 257 562; x_wconf 77' lang='lat' dir='ltr'>transiit,</span> <span class='ocrx_word' id='word_1_45' title='bbox 293 515 355 554; x_wconf 51' lang='lat' dir='ltr'>A.</span> <span class='ocrx_word' id='word_1_46' title='bbox 376 513 509 565; x_wconf 82' lang='lat'><strong>1639.</strong></span> <span class='ocrx_word' id='word_1_47' title='bbox 531 507 579 551; x_wconf 89' lang='lat' dir='ltr'>in</span> <span class='ocrx_word' id='word_1_48' title='bbox 601 504 773 554; x_wconf 85' lang='lat' dir='ltr'>Austria</span> <span class='ocrx_word' id='word_1_49' title='bbox 793 501 1066 552; x_wconf 62' lang='lat' dir='ltr'>defunEtus.&#39;</span> <span class='ocrx_word' id='word_1_50' title='bbox 1092 506 1209 551; x_wconf 87' lang='lat' dir='ltr'>Vide</span> <span class='ocrx_word' id='word_1_51' title='bbox 1230 505 1478 553; x_wconf 88' lang='lat' dir='ltr'>Omeisium</span> <span class='ocrx_word' id='word_1_52' title='bbox 1505 508 1552 552; x_wconf 89' lang='lat' dir='ltr'>in</span> <span class='ocrx_word' id='word_1_53' title='bbox 1571 506 1715 567; x_wconf 80' lang='lat' dir='ltr'>gloria</span> <span class='ocrx_word' id='word_1_54' title='bbox 1736 507 2002 553; x_wconf 73' lang='lat' dir='ltr'>Academiae</span> 
     </span>
     <span class='ocr_line' id='line_1_7' title="bbox 62 570 2003 638; baseline -0.001 -15"><span class='ocrx_word' id='word_1_55' title='bbox 62 573 340 624; x_wconf 79' lang='lat' dir='ltr'>Altdorfinae</span> <span class='ocrx_word' id='word_1_56' title='bbox 359 590 492 638; x_wconf 84' lang='lat' dir='ltr'><strong>p.94.</strong></span> <span class='ocrx_word' id='word_1_57' title='bbox 516 574 641 635; x_wconf 80' lang='lat'><strong>172.)</strong></span> <span class='ocrx_word' id='word_1_58' title='bbox 711 573 884 619; x_wconf 87' lang='lat' dir='ltr'>Prodiit</span> <span class='ocrx_word' id='word_1_59' title='bbox 908 573 1041 618; x_wconf 88' lang='lat' dir='ltr'>huius</span> <span class='ocrx_word' id='word_1_60' title='bbox 1064 573 1213 636; x_wconf 86' lang='lat' dir='ltr'>Caroli</span> <span class='ocrx_word' id='word_1_61' title='bbox 1238 573 1414 622; x_wconf 87' lang='lat' dir='ltr'>libellus</span> <span class='ocrx_word' id='word_1_62' title='bbox 1436 576 1606 621; x_wconf 89' lang='lat' dir='ltr'>minori</span> <span class='ocrx_word' id='word_1_63' title='bbox 1626 570 1776 621; x_wconf 80' lang='lat' dir='ltr'>fornia</span> <span class='ocrx_word' id='word_1_64' title='bbox 1795 571 2003 621; x_wconf 64' lang='lat' dir='ltr'>Francos.</span> 
     </span>
     <span class='ocr_line' id='line_1_8' title="bbox 72 641 2002 708; baseline -0.002 -18"><span class='ocrx_word' id='word_1_65' title='bbox 72 651 207 703; x_wconf 78' lang='lat'><strong>1643.</strong></span> <span class='ocrx_word' id='word_1_66' title='bbox 230 658 272 688; x_wconf 87' lang='lat' dir='ltr'>et</span> <span class='ocrx_word' id='word_1_67' title='bbox 301 649 438 701; x_wconf 86' lang='lat'><strong>1670.</strong></span> <span class='ocrx_word' id='word_1_68' title='bbox 474 659 576 688; x_wconf 89' lang='lat' dir='ltr'>cum</span> <span class='ocrx_word' id='word_1_69' title='bbox 601 641 740 688; x_wconf 88' lang='lat' dir='ltr'>Andr.</span> <span class='ocrx_word' id='word_1_70' title='bbox 761 642 994 687; x_wconf 81' lang='lat' dir='ltr'>Dominici</span> <span class='ocrx_word' id='word_1_71' title='bbox 1014 641 1187 694; x_wconf 83' lang='lat' dir='ltr'>Flocci‚</span> <span class='ocrx_word' id='word_1_72' title='bbox 1225 645 1471 706; x_wconf 90' lang='lat' dir='ltr'>Pomponii</span> <span class='ocrx_word' id='word_1_73' title='bbox 1492 645 1638 697; x_wconf 84' lang='lat' dir='ltr'>Laeti,</span> <span class='ocrx_word' id='word_1_74' title='bbox 1673 644 1886 708; x_wconf 83' lang='lat' dir='ltr'>Raphael.</span> <span class='ocrx_word' id='word_1_75' title='bbox 1910 647 2002 688; x_wconf 81' lang='lat' dir='ltr'>Vo-</span> 
     </span>
     <span class='ocr_line' id='line_1_9' title="bbox 63 706 2001 772; baseline -0.001 -15"><span class='ocrx_word' id='word_1_76' title='bbox 63 711 268 757; x_wconf 81' lang='lat' dir='ltr'>laterrani</span> <span class='ocrx_word' id='word_1_77' title='bbox 288 725 330 756; x_wconf 90' lang='lat' dir='ltr'>et</span> <span class='ocrx_word' id='word_1_78' title='bbox 351 709 519 755; x_wconf 86' lang='lat' dir='ltr'>Valerii</span> <span class='ocrx_word' id='word_1_79' title='bbox 540 708 677 755; x_wconf 80' lang='lat' dir='ltr'>Probi</span> <span class='ocrx_word' id='word_1_80' title='bbox 700 707 865 755; x_wconf 78' lang='lat' dir='ltr'>libellis</span> <span class='ocrx_word' id='word_1_81' title='bbox 894 706 1045 772; x_wconf 77' lang='lat' dir='ltr'>passim</span> <span class='ocrx_word' id='word_1_82' title='bbox 1073 708 1234 762; x_wconf 73' lang='lat' dir='ltr'>obuiis,</span> <span class='ocrx_word' id='word_1_83' title='bbox 1271 726 1314 756; x_wconf 88' lang='lat' dir='ltr'>et</span> <span class='ocrx_word' id='word_1_84' title='bbox 1336 710 1512 757; x_wconf 88' lang='lat' dir='ltr'>Altenb.</span> <span class='ocrx_word' id='word_1_85' title='bbox 1545 718 1679 772; x_wconf 80' lang='lat'><strong>¹663.</strong></span> <span class='ocrx_word' id='word_1_86' title='bbox 1706 718 1747 766; x_wconf 86' lang='lat'><strong>8.</strong></span> <span class='ocrx_word' id='word_1_87' title='bbox 1797 729 1900 757; x_wconf 89' lang='lat' dir='ltr'>cum</span> <span class='ocrx_word' id='word_1_88' title='bbox 1923 728 2001 758; x_wconf 84' lang='lat' dir='ltr'>no-</span> 
     </span>
     <span class='ocr_line' id='line_1_10' title="bbox 62 774 2004 844; baseline 0 -19"><span class='ocrx_word' id='word_1_89' title='bbox 62 782 116 825; x_wconf 89' lang='lat' dir='ltr'>tis</span> <span class='ocrx_word' id='word_1_90' title='bbox 137 776 277 824; x_wconf 84' lang='lat' dir='ltr'>Mich.</span> <span class='ocrx_word' id='word_1_91' title='bbox 300 775 477 823; x_wconf 83' lang='lat' dir='ltr'>Christi.</span> <span class='ocrx_word' id='word_1_92' title='bbox 502 777 737 829; x_wconf 79' lang='lat' dir='ltr'>Ludouici‚</span> <span class='ocrx_word' id='word_1_93' title='bbox 771 774 947 823; x_wconf 81' lang='lat' dir='ltr'>recusus</span> <span class='ocrx_word' id='word_1_94' title='bbox 966 776 1075 827; x_wconf 85' lang='lat' dir='ltr'>ibid.</span> <span class='ocrx_word' id='word_1_95' title='bbox 1097 786 1237 839; x_wconf 87' lang='grc'>1716.</span> <span class='ocrx_word' id='word_1_96' title='bbox 1262 787 1305 834; x_wconf 82' lang='lat'><strong>8.</strong></span> <span class='ocrx_word' id='word_1_97' title='bbox 1374 779 1526 825; x_wconf 82' lang='lat' dir='ltr'>Paullo</span> <span class='ocrx_word' id='word_1_98' title='bbox 1549 780 1726 844; x_wconf 83' lang='lat' dir='ltr'>plenius</span> <span class='ocrx_word' id='word_1_99' title='bbox 1747 781 2004 843; x_wconf 84' lang='lat' dir='ltr'>Antiquita-</span> 
     </span>
     <span class='ocr_line' id='line_1_11' title="bbox 61 844 2001 908; baseline 0.001 -15"><span class='ocrx_word' id='word_1_100' title='bbox 61 862 152 893; x_wconf 89' lang='lat' dir='ltr'>tum</span> <span class='ocrx_word' id='word_1_101' title='bbox 175 848 481 891; x_wconf 82' lang='lat' dir='ltr'>Romanarum</span> <span class='ocrx_word' id='word_1_102' title='bbox 517 844 841 908; x_wconf 69' lang='lat' dir='ltr'>compendium</span> <span class='ocrx_word' id='word_1_103' title='bbox 875 845 1061 906; x_wconf 84' lang='lat' dir='ltr'>Anglica</span> <span class='ocrx_word' id='word_1_104' title='bbox 1089 845 1240 906; x_wconf 85' lang='lat' dir='ltr'>lingua</span> <span class='ocrx_word' id='word_1_105' title='bbox 1273 846 1396 892; x_wconf 80' lang='lat' dir='ltr'>dedit</span> <span class='ocrx_word' id='word_1_106' title='bbox 1432 846 1608 893; x_wconf 83' lang='lat' dir='ltr'><em>Thomas</em></span> <span class='ocrx_word' id='word_1_107' title='bbox 1631 849 1830 895; x_wconf 64' lang='lat' dir='ltr'>Goodwin</span> <span class='ocrx_word' id='word_1_108' title='bbox 1853 845 2001 896; x_wconf 82' lang='lat' dir='ltr'>Lond.</span> 
     </span>
     <span class='ocr_line' id='line_1_12' title="bbox 65 910 2006 977; baseline -0.001 -15"><span class='ocrx_word' id='word_1_109' title='bbox 65 921 202 968; x_wconf 81' lang='lat'><strong>1648.</strong></span> <span class='ocrx_word' id='word_1_110' title='bbox 238 930 282 975; x_wconf 83' lang='lat'><strong>4.</strong></span> <span class='ocrx_word' id='word_1_111' title='bbox 329 910 499 977; x_wconf 83' lang='lat' dir='ltr'>saepius</span> <span class='ocrx_word' id='word_1_112' title='bbox 519 913 682 959; x_wconf 86' lang='lat' dir='ltr'>deinde</span> <span class='ocrx_word' id='word_1_113' title='bbox 701 910 927 966; x_wconf 85' lang='lat' dir='ltr'>recusum,</span> <span class='ocrx_word' id='word_1_114' title='bbox 961 913 1138 974; x_wconf 83' lang='lat' dir='ltr'>Belgice</span> <span class='ocrx_word' id='word_1_115' title='bbox 1169 915 1302 960; x_wconf 86' lang='lat' dir='ltr'>etiam</span> <span class='ocrx_word' id='word_1_116' title='bbox 1334 914 1505 960; x_wconf 89' lang='lat' dir='ltr'>editum</span> <span class='ocrx_word' id='word_1_117' title='bbox 1533 933 1556 961; x_wconf 85' lang='lat' dir='ltr'>a</span> <span class='ocrx_word' id='word_1_118' title='bbox 1574 918 1687 961; x_wconf 77' lang='lat' dir='ltr'>Dan.</span> <span class='ocrx_word' id='word_1_119' title='bbox 1712 917 1877 962; x_wconf 85' lang='lat' dir='ltr'>Peenio</span> <span class='ocrx_word' id='word_1_120' title='bbox 1900 920 2006 962; x_wconf 88' lang='lat' dir='ltr'>Am-</span> 
     </span>
     <span class='ocr_line' id='line_1_13' title="bbox 58 975 2006 1044; baseline -0.001 -19"><span class='ocrx_word' id='word_1_121' title='bbox 58 979 211 1028; x_wconf 77' lang='lat' dir='ltr'>stelod.</span> <span class='ocrx_word' id='word_1_122' title='bbox 242 991 379 1041; x_wconf 74' lang='lat'><strong>1694.</strong></span> <span class='ocrx_word' id='word_1_123' title='bbox 417 991 457 1036; x_wconf 83' lang='lat'><strong>8.</strong></span> <span class='ocrx_word' id='word_1_124' title='bbox 546 975 946 1044; x_wconf 52' lang='lat' dir='ltr'>Qenia&#39;dmodum</span> <span class='ocrx_word' id='word_1_125' title='bbox 965 981 1100 1027; x_wconf 84' lang='lat' dir='ltr'>latina</span> <span class='ocrx_word' id='word_1_126' title='bbox 1121 981 1271 1044; x_wconf 83' lang='lat' dir='ltr'>lingua</span> <span class='ocrx_word' id='word_1_127' title='bbox 1294 982 1510 1029; x_wconf 83' lang='lat' dir='ltr'>habemus</span> <span class='ocrx_word' id='word_1_128' title='bbox 1541 981 1720 1029; x_wconf 79' lang='lat' dir='ltr'>Thomae</span> <span class='ocrx_word' id='word_1_129' title='bbox 1744 985 1850 1030; x_wconf 81' lang='lat' dir='ltr'>Belli</span> <span class='ocrx_word' id='word_1_130' title='bbox 1868 983 2006 1029; x_wconf 76' lang='lat' dir='ltr'>Edin.</span> 
     </span>
     <span class='ocr_line' id='line_1_14' title="bbox 58 1047 2006 1115; baseline 0.001 -21"><span class='ocrx_word' id='word_1_131' title='bbox 58 1047 287 1110; x_wconf 80' lang='lat' dir='ltr'>burgensis</span> <span class='ocrx_word' id='word_1_132' title='bbox 308 1052 500 1095; x_wconf 87' lang='lat' dir='ltr'>Romam</span> <span class='ocrx_word' id='word_1_133' title='bbox 528 1049 771 1095; x_wconf 82' lang='lat' dir='ltr'>restitutam</span> <span class='ocrx_word' id='word_1_134' title='bbox 796 1083 822 1104; x_wconf 27' lang='lat'>,¹</span> <span class='ocrx_word' id='word_1_135' title='bbox 860 1047 949 1095; x_wconf 81' lang='lat' dir='ltr'>fiue</span> <span class='ocrx_word' id='word_1_136' title='bbox 979 1051 1312 1113; x_wconf 81' lang='lat' dir='ltr'>Antiquitatum</span> <span class='ocrx_word' id='word_1_137' title='bbox 1339 1054 1646 1098; x_wconf 86' lang='lat' dir='ltr'>Romanarum</span> <span class='ocrx_word' id='word_1_138' title='bbox 1679 1051 2006 1115; x_wconf 83' lang='lat' dir='ltr'>compendium</span> 
     </span>
    </p>

    <p class='ocr_par' dir='ltr' id='par_1_3' title="bbox 0 1110 2009 2883">
     <span class='ocr_line' id='line_1_15' title="bbox 0 1110 2006 1178; baseline 0.001 -16"><span class='ocrx_word' id='word_1_139' title='bbox 0 1134 1 1156; x_wconf 63' lang='lat'><em>³</em></span> <span class='ocrx_word' id='word_1_140' title='bbox 54 1115 226 1178; x_wconf 75' lang='lat' dir='ltr'>insigne</span> <span class='ocrx_word' id='word_1_141' title='bbox 245 1151 256 1170; x_wconf 85' lang='lat'>‚</span> <span class='ocrx_word' id='word_1_142' title='bbox 310 1117 544 1178; x_wconf 84' lang='lat' dir='ltr'>vulgatum</span> <span class='ocrx_word' id='word_1_143' title='bbox 575 1118 777 1163; x_wconf 83' lang='lat' dir='ltr'>Londini</span> <span class='ocrx_word' id='word_1_144' title='bbox 823 1127 961 1177; x_wconf 80' lang='lat'><strong>1677.</strong></span> <span class='ocrx_word' id='word_1_145' title='bbox 991 1124 1032 1171; x_wconf 92' lang='lat'>8.</span> <span class='ocrx_word' id='word_1_146' title='bbox 1088 1132 1131 1164; x_wconf 90' lang='lat' dir='ltr'>et</span> <span class='ocrx_word' id='word_1_147' title='bbox 1174 1117 1421 1166; x_wconf 77' lang='lat' dir='ltr'>Clariffimo</span> <span class='ocrx_word' id='word_1_148' title='bbox 1454 1110 1807 1166; x_wconf 79' lang='lat' dir='ltr'>Almeloouenio</span> <span class='ocrx_word' id='word_1_149' title='bbox 1852 1135 2006 1165; x_wconf 85' lang='lat' dir='ltr'>curan-</span> 
     </span>
     <span class='ocr_line' id='line_1_16' title="bbox 0 1163 2008 1256; baseline 0 -26"><span class='ocrx_word' id='word_1_150' title='bbox 0 1163 2 1256; x_wconf 92' lang='grc'>1</span> <span class='ocrx_word' id='word_1_151' title='bbox 58 1200 100 1230; x_wconf 89' lang='lat' dir='ltr'>te</span> <span class='ocrx_word' id='word_1_152' title='bbox 124 1182 327 1230; x_wconf 87' lang='lat' dir='ltr'>recusum</span> <span class='ocrx_word' id='word_1_153' title='bbox 354 1184 491 1231; x_wconf 86' lang='lat' dir='ltr'>Amst.</span> <span class='ocrx_word' id='word_1_154' title='bbox 527 1201 658 1245; x_wconf 73' lang='lat'><strong>1700.</strong></span> <span class='ocrx_word' id='word_1_155' title='bbox 687 1193 726 1239; x_wconf 88' lang='lat'>8.</span> <span class='ocrx_word' id='word_1_156' title='bbox 776 1200 818 1231; x_wconf 92' lang='lat' dir='ltr'>et</span> <span class='ocrx_word' id='word_1_157' title='bbox 838 1185 999 1231; x_wconf 81' lang='lat' dir='ltr'>additis</span> <span class='ocrx_word' id='word_1_158' title='bbox 1025 1185 1231 1232; x_wconf 87' lang='lat' dir='ltr'>iconibus</span> <span class='ocrx_word' id='word_1_159' title='bbox 1253 1186 1360 1233; x_wconf 88' lang='lat' dir='ltr'>ibid.</span> <span class='ocrx_word' id='word_1_160' title='bbox 1382 1197 1520 1250; x_wconf 91' lang='lat'>1716.</span> <span class='ocrx_word' id='word_1_161' title='bbox 1557 1195 1597 1243; x_wconf 84' lang='lat'><strong>8.</strong></span> <span class='ocrx_word' id='word_1_162' title='bbox 1672 1190 1760 1234; x_wconf 89' lang='lat' dir='ltr'>His</span> <span class='ocrx_word' id='word_1_163' title='bbox 1781 1187 2008 1249; x_wconf 75' lang='lat' dir='ltr'>iungenda</span> 
     </span>
     <span class='ocr_line' id='line_1_17' title="bbox 0 1252 2008 1347; baseline -0 -47"><span class='ocrx_word' id='word_1_164' title='bbox 0 1258 3 1347; x_wconf 94' lang='grc'>1</span> <span class='ocrx_word' id='word_1_165' title='bbox 57 1253 198 1314; x_wconf 80' lang='lat' dir='ltr'>Bafilii</span> <span class='ocrx_word' id='word_1_166' title='bbox 215 1254 379 1300; x_wconf 80' lang='lat' dir='ltr'>Kennet</span> <span class='ocrx_word' id='word_1_167' title='bbox 400 1255 568 1299; x_wconf 77' lang='lat' dir='ltr'>Romae</span> <span class='ocrx_word' id='word_1_168' title='bbox 599 1254 803 1317; x_wconf 78' lang='lat' dir='ltr'>antiquae</span> <span class='ocrx_word' id='word_1_169' title='bbox 838 1254 1017 1306; x_wconf 86' lang='lat' dir='ltr'>notitia,</span> <span class='ocrx_word' id='word_1_170' title='bbox 1064 1252 1150 1299; x_wconf 87' lang='lat' dir='ltr'>fiue</span> <span class='ocrx_word' id='word_1_171' title='bbox 1168 1256 1498 1319; x_wconf 82' lang='lat' dir='ltr'>Antiquitatum</span> <span class='ocrx_word' id='word_1_172' title='bbox 1520 1259 1828 1304; x_wconf 84' lang='lat' dir='ltr'>Romanarum</span> <span class='ocrx_word' id='word_1_173' title='bbox 1850 1252 2008 1301; x_wconf 76' lang='lat' dir='ltr'>descri-</span> 
     </span>
     <span class='ocr_line' id='line_1_18' title="bbox 55 1321 2007 1386; baseline 0.001 -21"><span class='ocrx_word' id='word_1_174' title='bbox 55 1321 179 1386; x_wconf 84' lang='lat' dir='ltr'>ptio,</span> <span class='ocrx_word' id='word_1_175' title='bbox 225 1321 341 1367; x_wconf 86' lang='lat' dir='ltr'>edita</span> <span class='ocrx_word' id='word_1_176' title='bbox 364 1321 555 1382; x_wconf 83' lang='lat' dir='ltr'>Anglice</span> <span class='ocrx_word' id='word_1_177' title='bbox 581 1323 784 1367; x_wconf 86' lang='lat' dir='ltr'>Londini</span> <span class='ocrx_word' id='word_1_178' title='bbox 813 1329 944 1380; x_wconf 81' lang='lat'><strong>1696.</strong></span> <span class='ocrx_word' id='word_1_179' title='bbox 967 1330 1101 1380; x_wconf 86' lang='lat'><strong>1708.</strong></span> <span class='ocrx_word' id='word_1_180' title='bbox 1126 1337 1169 1368; x_wconf 89' lang='lat' dir='ltr'>et</span> <span class='ocrx_word' id='word_1_181' title='bbox 1195 1337 1334 1383; x_wconf 82' lang='lat'><strong>1731.</strong></span> <span class='ocrx_word' id='word_1_182' title='bbox 1362 1331 1404 1378; x_wconf 89' lang='lat'>8.</span> <span class='ocrx_word' id='word_1_183' title='bbox 1460 1339 1502 1371; x_wconf 91' lang='lat' dir='ltr'>et</span> <span class='ocrx_word' id='word_1_184' title='bbox 1523 1324 1698 1386; x_wconf 80' lang='lat' dir='ltr'>Belgice</span> <span class='ocrx_word' id='word_1_185' title='bbox 1728 1342 1781 1370; x_wconf 83' lang='lat' dir='ltr'>ex</span> <span class='ocrx_word' id='word_1_186' title='bbox 1811 1323 2007 1370; x_wconf 67' lang='lat' dir='ltr'>wilhelmi</span> 
     </span>
     <span class='ocr_line' id='line_1_19' title="bbox 58 1385 2006 1452; baseline 0.002 -19"><span class='ocrx_word' id='word_1_187' title='bbox 58 1387 190 1433; x_wconf 77' lang='lat' dir='ltr'>Sewel</span> <span class='ocrx_word' id='word_1_188' title='bbox 220 1386 424 1432; x_wconf 69' lang='lat' dir='ltr'>versione</span> <span class='ocrx_word' id='word_1_189' title='bbox 459 1405 560 1432; x_wconf 88' lang='lat' dir='ltr'>cum</span> <span class='ocrx_word' id='word_1_190' title='bbox 579 1385 801 1432; x_wconf 82' lang='lat' dir='ltr'>Francisci</span> <span class='ocrx_word' id='word_1_191' title='bbox 821 1386 1010 1432; x_wconf 87' lang='lat' dir='ltr'>Deseine</span> <span class='ocrx_word' id='word_1_192' title='bbox 1035 1387 1336 1452; x_wconf 84' lang='lat' dir='ltr'>descriptione</span> <span class='ocrx_word' id='word_1_193' title='bbox 1356 1395 1525 1438; x_wconf 86' lang='lat' dir='ltr'>Romae</span> <span class='ocrx_word' id='word_1_194' title='bbox 1547 1388 1702 1439; x_wconf 82' lang='lat' dir='ltr'>nouae.</span> <span class='ocrx_word' id='word_1_195' title='bbox 1750 1408 1884 1452; x_wconf 79' lang='lat'><em>1704,</em></span> <span class='ocrx_word' id='word_1_196' title='bbox 1926 1388 2006 1437; x_wconf 86' lang='lat' dir='ltr'>fol.</span> 
     </span>
     <span class='ocr_line' id='line_1_20' title="bbox 58 1454 2006 1522; baseline 0.002 -21"><span class='ocrx_word' id='word_1_197' title='bbox 58 1456 185 1501; x_wconf 89' lang='lat' dir='ltr'>Hinc</span> <span class='ocrx_word' id='word_1_198' title='bbox 209 1454 381 1517; x_wconf 90' lang='lat' dir='ltr'>prodiit</span> <span class='ocrx_word' id='word_1_199' title='bbox 405 1456 612 1509; x_wconf 75' lang='lat' dir='ltr'>Riruum,</span> <span class='ocrx_word' id='word_1_200' title='bbox 660 1456 738 1517; x_wconf 88' lang='lat' dir='ltr'>qui</span> <span class='ocrx_word' id='word_1_201' title='bbox 761 1455 869 1499; x_wconf 84' lang='lat' dir='ltr'>olim</span> <span class='ocrx_word' id='word_1_202' title='bbox 893 1454 1011 1517; x_wconf 83' lang='lat' dir='ltr'>apud</span> <span class='ocrx_word' id='word_1_203' title='bbox 1031 1458 1261 1502; x_wconf 84' lang='lat' dir='ltr'>Romanos</span> <span class='ocrx_word' id='word_1_204' title='bbox 1282 1456 1578 1519; x_wconf 87' lang='lat' dir='ltr'>obtinuerunt</span> <span class='ocrx_word' id='word_1_205' title='bbox 1599 1456 1818 1505; x_wconf 58' lang='lat' dir='ltr'>succingi-a</span> <span class='ocrx_word' id='word_1_206' title='bbox 1841 1475 1884 1505; x_wconf 90' lang='lat' dir='ltr'>et</span> <span class='ocrx_word' id='word_1_207' title='bbox 1907 1475 2006 1522; x_wconf 85' lang='lat' dir='ltr'>per-</span> 
     </span>
     <span class='ocr_line' id='line_1_21' title="bbox 56 1518 2005 1588; baseline 0.002 -21"><span class='ocrx_word' id='word_1_208' title='bbox 56 1518 206 1585; x_wconf 82' lang='lat' dir='ltr'>spicua</span> <span class='ocrx_word' id='word_1_209' title='bbox 237 1520 476 1584; x_wconf 83' lang='lat' dir='ltr'>explicatio</span> <span class='ocrx_word' id='word_1_210' title='bbox 509 1520 689 1577; x_wconf 52' lang='lat' dir='ltr'>auctore</span> <span class='ocrx_word' id='word_1_211' title='bbox 712 1525 758 1566; x_wconf 88' lang='lat' dir='ltr'>G.</span> <span class='ocrx_word' id='word_1_212' title='bbox 787 1525 841 1566; x_wconf 90' lang='lat' dir='ltr'>H.</span> <span class='ocrx_word' id='word_1_213' title='bbox 863 1526 1074 1587; x_wconf 77' lang='lat' dir='ltr'>Nieuport</span> <span class='ocrx_word' id='word_1_214' title='bbox 1098 1556 1112 1579; x_wconf 85' lang='lat'>‚</span> <span class='ocrx_word' id='word_1_215' title='bbox 1159 1539 1212 1568; x_wconf 93' lang='lat' dir='ltr'>eo</span> <span class='ocrx_word' id='word_1_216' title='bbox 1235 1523 1309 1570; x_wconf 85' lang='lat' dir='ltr'>vel</span> <span class='ocrx_word' id='word_1_217' title='bbox 1332 1526 1543 1588; x_wconf 82' lang='lat' dir='ltr'>inprimis</span> <span class='ocrx_word' id='word_1_218' title='bbox 1566 1526 1782 1572; x_wconf 85' lang='lat' dir='ltr'>laudanda</span> <span class='ocrx_word' id='word_1_219' title='bbox 1803 1528 2005 1577; x_wconf 84' lang='lat' dir='ltr'>nomine,</span> 
     </span>
     <span class='ocr_line' id='line_1_22' title="bbox 0 1585 2008 1684; baseline 0.001 -51"><span class='ocrx_word' id='word_1_220' title='bbox 0 1585 8 1684; x_wconf 91' lang='grc'>1</span> <span class='ocrx_word' id='word_1_221' title='bbox 57 1589 180 1652; x_wconf 91' lang='lat' dir='ltr'>quod</span> <span class='ocrx_word' id='word_1_222' title='bbox 201 1604 372 1634; x_wconf 84' lang='lat' dir='ltr'>veteres</span> <span class='ocrx_word' id='word_1_223' title='bbox 393 1586 571 1652; x_wconf 84' lang='lat' dir='ltr'>semper</span> <span class='ocrx_word' id='word_1_224' title='bbox 595 1586 833 1652; x_wconf 84' lang='lat' dir='ltr'>scriptores</span> <span class='ocrx_word' id='word_1_225' title='bbox 854 1587 1012 1643; x_wconf 81' lang='lat' dir='ltr'>laudat.</span> <span class='ocrx_word' id='word_1_226' title='bbox 1048 1588 1249 1646; x_wconf 63' lang='lat' dir='ltr'>TraiePci</span> <span class='ocrx_word' id='word_1_227' title='bbox 1282 1605 1423 1650; x_wconf 82' lang='lat'><strong>1712.</strong></span> <span class='ocrx_word' id='word_1_228' title='bbox 1448 1600 1488 1646; x_wconf 91' lang='lat'>8.</span> <span class='ocrx_word' id='word_1_229' title='bbox 1526 1608 1568 1638; x_wconf 90' lang='lat' dir='ltr'>et</span> <span class='ocrx_word' id='word_1_230' title='bbox 1582 1591 1779 1639; x_wconf 80' lang='lat' dir='ltr'>Budiffae</span> <span class='ocrx_word' id='word_1_231' title='bbox 1802 1609 1939 1655; x_wconf 85' lang='lat'><strong>1713.</strong></span> <span class='ocrx_word' id='word_1_232' title='bbox 1965 1603 2008 1648; x_wconf 75' lang='lat'><strong>8.</strong></span> 
     </span>
     <span class='ocr_line' id='line_1_23' title="bbox 55 1654 2009 1721; baseline 0.002 -20"><span class='ocrx_word' id='word_1_233' title='bbox 55 1656 233 1702; x_wconf 83' lang='lat' dir='ltr'>Deinde</span> <span class='ocrx_word' id='word_1_234' title='bbox 259 1656 401 1702; x_wconf 86' lang='lat' dir='ltr'>multo</span> <span class='ocrx_word' id='word_1_235' title='bbox 423 1655 595 1702; x_wconf 55' lang='lat' dir='ltr'>aufilior</span> <span class='ocrx_word' id='word_1_236' title='bbox 618 1654 818 1702; x_wconf 56' lang='lat' dir='ltr'>Traieffti</span> <span class='ocrx_word' id='word_1_237' title='bbox 836 1665 985 1717; x_wconf 64' lang='lat'><strong>&#39;1716.</strong></span> <span class='ocrx_word' id='word_1_238' title='bbox 1009 1671 1051 1703; x_wconf 90' lang='lat' dir='ltr'>et</span> <span class='ocrx_word' id='word_1_239' title='bbox 1084 1670 1222 1717; x_wconf 81' lang='grc'>1723.</span> <span class='ocrx_word' id='word_1_240' title='bbox 1247 1667 1291 1714; x_wconf 88' lang='lat'>8.</span> <span class='ocrx_word' id='word_1_241' title='bbox 1341 1683 1346 1687; x_wconf 94' lang='lat'>·</span> <span class='ocrx_word' id='word_1_242' title='bbox 1379 1663 1506 1705; x_wconf 90' lang='lat' dir='ltr'>Tum</span> <span class='ocrx_word' id='word_1_243' title='bbox 1527 1658 1634 1705; x_wconf 87' lang='lat' dir='ltr'>ibid.</span> <span class='ocrx_word' id='word_1_244' title='bbox 1664 1676 1803 1721; x_wconf 83' lang='lat'><strong>1734.</strong></span> <span class='ocrx_word' id='word_1_245' title='bbox 1827 1667 1869 1714; x_wconf 93' lang='lat'>8.</span> <span class='ocrx_word' id='word_1_246' title='bbox 1905 1677 2009 1706; x_wconf 82' lang='lat' dir='ltr'>cura</span> 
     </span>
     <span class='ocr_line' id='line_1_24' title="bbox 56 1725 2008 1790; baseline 0.003 -18"><span class='ocrx_word' id='word_1_247' title='bbox 56 1725 178 1772; x_wconf 85' lang='lat' dir='ltr'>Guil.</span> <span class='ocrx_word' id='word_1_248' title='bbox 200 1725 402 1771; x_wconf 76' lang='lat' dir='ltr'>Othonis</span> <span class='ocrx_word' id='word_1_249' title='bbox 420 1726 583 1780; x_wconf 63' lang='lat' dir='ltr'>Remi,</span> <span class='ocrx_word' id='word_1_250' title='bbox 631 1726 709 1787; x_wconf 91' lang='lat' dir='ltr'>qui</span> <span class='ocrx_word' id='word_1_251' title='bbox 752 1725 857 1770; x_wconf 85' lang='lat' dir='ltr'>duas</span> <span class='ocrx_word' id='word_1_252' title='bbox 879 1725 1038 1771; x_wconf 84' lang='lat' dir='ltr'>adiecit</span> <span class='ocrx_word' id='word_1_253' title='bbox 1059 1725 1351 1789; x_wconf 83' lang='lat' dir='ltr'>appendices,</span> <span class='ocrx_word' id='word_1_254' title='bbox 1397 1742 1440 1773; x_wconf 91' lang='lat' dir='ltr'>et</span> <span class='ocrx_word' id='word_1_255' title='bbox 1468 1729 1758 1789; x_wconf 83' lang='lat' dir='ltr'>Argentorati</span> <span class='ocrx_word' id='word_1_256' title='bbox 1788 1736 1924 1790; x_wconf 79' lang='lat'><strong>1738.</strong></span> <span class='ocrx_word' id='word_1_257' title='bbox 1961 1735 2008 1782; x_wconf 85' lang='lat'><strong>8.</strong></span> 
     </span>
     <span class='ocr_line' id='line_1_25' title="bbox 6 1790 2007 1859; baseline 0.003 -22"><span class='ocrx_word' id='word_1_258' title='bbox 6 1838 11 1858; x_wconf 64' lang='lat'><strong>,</strong></span> <span class='ocrx_word' id='word_1_259' title='bbox 56 1809 159 1838; x_wconf 87' lang='lat' dir='ltr'>cum</span> <span class='ocrx_word' id='word_1_260' title='bbox 185 1790 339 1854; x_wconf 82' lang='lat' dir='ltr'>figuris</span> <span class='ocrx_word' id='word_1_261' title='bbox 363 1810 466 1838; x_wconf 88' lang='lat' dir='ltr'>cura</span> <span class='ocrx_word' id='word_1_262' title='bbox 485 1796 608 1838; x_wconf 80' lang='lat' dir='ltr'>Ioan.</span> <span class='ocrx_word' id='word_1_263' title='bbox 631 1795 743 1838; x_wconf 86' lang='lat' dir='ltr'>Dan.</span> <span class='ocrx_word' id='word_1_264' title='bbox 766 1792 1061 1856; x_wconf 81' lang='lat' dir='ltr'>Schoepflini.</span> <span class='ocrx_word' id='word_1_265' title='bbox 1132 1795 1556 1858; x_wconf 86' lang='lat' dir='ltr'>DeniqueBerolini</span> <span class='ocrx_word' id='word_1_266' title='bbox 1584 1810 1778 1859; x_wconf 82' lang='lat' dir='ltr'>1743.et</span> <span class='ocrx_word' id='word_1_267' title='bbox 1799 1811 1882 1854; x_wconf 73' lang='lat'>175</span> <span class='ocrx_word' id='word_1_268' title='bbox 1895 1813 1936 1840; x_wconf 92' lang='lat'><strong>0.</strong></span> <span class='ocrx_word' id='word_1_269' title='bbox 1962 1803 2007 1850; x_wconf 88' lang='lat'>8.</span> 
     </span>
     <span class='ocr_line' id='line_1_26' title="bbox 47 1855 2008 1929; baseline 0.002 -24"><span class='ocrx_word' id='word_1_270' title='bbox 47 1855 158 1905; x_wconf 54' lang='lat' dir='ltr'>“cum</span> <span class='ocrx_word' id='word_1_271' title='bbox 185 1858 351 1924; x_wconf 84' lang='lat' dir='ltr'>prolus.</span> <span class='ocrx_word' id='word_1_272' title='bbox 375 1863 495 1906; x_wconf 86' lang='lat' dir='ltr'>Ioan.</span> <span class='ocrx_word' id='word_1_273' title='bbox 522 1861 679 1907; x_wconf 83' lang='lat' dir='ltr'>Matth.</span> <span class='ocrx_word' id='word_1_274' title='bbox 707 1857 910 1908; x_wconf 85' lang='lat' dir='ltr'>Gesneri.</span> <span class='ocrx_word' id='word_1_275' title='bbox 990 1865 1117 1906; x_wconf 88' lang='lat' dir='ltr'>Tum</span> <span class='ocrx_word' id='word_1_276' title='bbox 1140 1865 1251 1908; x_wconf 88' lang='lat' dir='ltr'>Ioan.</span> <span class='ocrx_word' id='word_1_277' title='bbox 1269 1863 1463 1929; x_wconf 76' lang='lat' dir='ltr'>Casparis</span> <span class='ocrx_word' id='word_1_278' title='bbox 1480 1867 1703 1918; x_wconf 55' lang='lat' dir='ltr'>Santaross</span> <span class='ocrx_word' id='word_1_279' title='bbox 1740 1861 2008 1911; x_wconf 74' lang='lat' dir='ltr'>Professoris</span> 
     </span>
     <span class='ocr_line' id='line_1_27' title="bbox 55 1926 2009 1997; baseline 0.003 -24"><span class='ocrx_word' id='word_1_280' title='bbox 55 1926 392 1991; x_wconf 76' lang='lat' dir='ltr'>Marpurgenfis</span> <span class='ocrx_word' id='word_1_281' title='bbox 415 1963 426 1982; x_wconf 87' lang='lat'>‚</span> <span class='ocrx_word' id='word_1_282' title='bbox 485 1927 761 1975; x_wconf 82' lang='lat' dir='ltr'>breuiarium</span> <span class='ocrx_word' id='word_1_283' title='bbox 783 1929 1113 1992; x_wconf 83' lang='lat' dir='ltr'>Antiquitatum</span> <span class='ocrx_word' id='word_1_284' title='bbox 1136 1932 1440 1978; x_wconf 86' lang='lat' dir='ltr'>Romanarum</span> <span class='ocrx_word' id='word_1_285' title='bbox 1464 1966 1475 1986; x_wconf 89' lang='lat'>‚</span> <span class='ocrx_word' id='word_1_286' title='bbox 1522 1950 1576 1981; x_wconf 86' lang='lat' dir='ltr'>ex</span> <span class='ocrx_word' id='word_1_287' title='bbox 1607 1930 1711 1997; x_wconf 84' lang='lat' dir='ltr'>ipsis</span> <span class='ocrx_word' id='word_1_288' title='bbox 1733 1930 2009 1997; x_wconf 84' lang='lat' dir='ltr'>scriptorum</span> 
     </span>
     <span class='ocr_line' id='line_1_28' title="bbox 59 1992 2007 2061; baseline 0.003 -21"><span class='ocrx_word' id='word_1_289' title='bbox 59 1992 333 2042; x_wconf 81' lang='lat' dir='ltr'>clafficorum</span> <span class='ocrx_word' id='word_1_290' title='bbox 366 1995 571 2042; x_wconf 82' lang='lat' dir='ltr'>fontibus</span> <span class='ocrx_word' id='word_1_291' title='bbox 602 1998 876 2050; x_wconf 81' lang='lat' dir='ltr'>deriuatum‚</span> <span class='ocrx_word' id='word_1_292' title='bbox 898 1994 1124 2044; x_wconf 80' lang='lat' dir='ltr'>Francof.</span> <span class='ocrx_word' id='word_1_293' title='bbox 1154 2013 1293 2059; x_wconf 87' lang='lat'><strong>1712.</strong></span> <span class='ocrx_word' id='word_1_294' title='bbox 1324 2015 1368 2047; x_wconf 89' lang='lat' dir='ltr'>et</span> <span class='ocrx_word' id='word_1_295' title='bbox 1404 2016 1541 2061; x_wconf 80' lang='lat'><strong>1730.</strong></span> <span class='ocrx_word' id='word_1_296' title='bbox 1586 2016 1656 2048; x_wconf 88' lang='lat'>12.</span> <span class='ocrx_word' id='word_1_297' title='bbox 1709 2003 1782 2048; x_wconf 89' lang='lat' dir='ltr'>cui</span> <span class='ocrx_word' id='word_1_298' title='bbox 1813 2001 2007 2048; x_wconf 86' lang='lat' dir='ltr'>editioni</span> 
     </span>
     <span class='ocr_line' id='line_1_29' title="bbox 52 2059 2006 2133; baseline 0.003 -25"><span class='ocrx_word' id='word_1_299' title='bbox 52 2059 224 2108; x_wconf 16' lang='lat' dir='ltr'>racceffit</span> <span class='ocrx_word' id='word_1_300' title='bbox 244 2061 497 2127; x_wconf 85' lang='lat' dir='ltr'>Descriptio</span> <span class='ocrx_word' id='word_1_301' title='bbox 520 2064 669 2111; x_wconf 85' lang='lat' dir='ltr'>breuis</span> <span class='ocrx_word' id='word_1_302' title='bbox 692 2066 1025 2128; x_wconf 78' lang='lat' dir='ltr'>Antiquitatum</span> <span class='ocrx_word' id='word_1_303' title='bbox 1041 2069 1329 2114; x_wconf 87' lang='lat' dir='ltr'>Graecarum.</span> <span class='ocrx_word' id='word_1_304' title='bbox 1415 2067 1557 2117; x_wconf 76' lang='lat' dir='ltr'>Paulli</span> <span class='ocrx_word' id='word_1_305' title='bbox 1577 2085 1760 2133; x_wconf 89' lang='lat' dir='ltr'>quoque</span> <span class='ocrx_word' id='word_1_306' title='bbox 1780 2069 2006 2133; x_wconf 76' lang='lat' dir='ltr'>Christiani</span> 
     </span>
     <span class='ocr_line' id='line_1_30' title="bbox 57 2130 2007 2200; baseline 0.003 -24"><span class='ocrx_word' id='word_1_307' title='bbox 57 2130 293 2196; x_wconf 78' lang='lat' dir='ltr'>Hoepsneri</span> <span class='ocrx_word' id='word_1_308' title='bbox 307 2133 452 2177; x_wconf 69' lang='lat' dir='ltr'>Roma</span> <span class='ocrx_word' id='word_1_309' title='bbox 481 2134 659 2195; x_wconf 81' lang='lat' dir='ltr'>antiqua</span> <span class='ocrx_word' id='word_1_310' title='bbox 691 2134 1088 2180; x_wconf 78' lang='lat' dir='ltr'>commemoranda</span> <span class='ocrx_word' id='word_1_311' title='bbox 1122 2135 1265 2182; x_wconf 85' lang='lat' dir='ltr'>Halae</span> <span class='ocrx_word' id='word_1_312' title='bbox 1295 2139 1522 2184; x_wconf 83' lang='lat' dir='ltr'>Saxonum</span> <span class='ocrx_word' id='word_1_313' title='bbox 1560 2150 1699 2197; x_wconf 83' lang='lat'><strong>1709.</strong></span> <span class='ocrx_word' id='word_1_314' title='bbox 1740 2154 1815 2187; x_wconf 86' lang='lat'><strong>12.</strong></span> <span class='ocrx_word' id='word_1_315' title='bbox 1850 2139 1897 2184; x_wconf 88' lang='lat' dir='ltr'>in</span> <span class='ocrx_word' id='word_1_316' title='bbox 1921 2154 2007 2200; x_wconf 83' lang='lat' dir='ltr'>qua</span> 
     </span>
     <span class='ocr_line' id='line_1_31' title="bbox 55 2195 2005 2269; baseline 0.005 -27"><span class='ocrx_word' id='word_1_317' title='bbox 55 2214 139 2262; x_wconf 87' lang='lat' dir='ltr'>per</span> <span class='ocrx_word' id='word_1_318' title='bbox 163 2195 439 2263; x_wconf 82' lang='lat' dir='ltr'>quaestiones</span> <span class='ocrx_word' id='word_1_319' title='bbox 463 2214 506 2245; x_wconf 89' lang='lat' dir='ltr'>et</span> <span class='ocrx_word' id='word_1_320' title='bbox 532 2198 843 2264; x_wconf 79' lang='lat' dir='ltr'>responsiones</span> <span class='ocrx_word' id='word_1_321' title='bbox 867 2199 1039 2249; x_wconf 85' lang='lat' dir='ltr'>summa</span> <span class='ocrx_word' id='word_1_322' title='bbox 1063 2204 1204 2267; x_wconf 78' lang='lat' dir='ltr'>capita</span> <span class='ocrx_word' id='word_1_323' title='bbox 1224 2206 1558 2269; x_wconf 84' lang='lat' dir='ltr'>Antiquitatum</span> <span class='ocrx_word' id='word_1_324' title='bbox 1578 2207 1885 2253; x_wconf 85' lang='lat' dir='ltr'>Romanarum</span> <span class='ocrx_word' id='word_1_325' title='bbox 1907 2222 2005 2267; x_wconf 82' lang='lat' dir='ltr'>ger-</span> 
     </span>
     <span class='ocr_line' id='line_1_32' title="bbox 57 2266 2006 2336; baseline 0.004 -25"><span class='ocrx_word' id='word_1_326' title='bbox 57 2267 231 2312; x_wconf 81' lang='lat' dir='ltr'>manica</span> <span class='ocrx_word' id='word_1_327' title='bbox 256 2266 408 2327; x_wconf 83' lang='lat' dir='ltr'>lingua</span> <span class='ocrx_word' id='word_1_328' title='bbox 428 2267 476 2312; x_wconf 91' lang='lat' dir='ltr'>in</span> <span class='ocrx_word' id='word_1_329' title='bbox 497 2268 700 2315; x_wconf 86' lang='lat' dir='ltr'>tironum</span> <span class='ocrx_word' id='word_1_330' title='bbox 723 2267 853 2316; x_wconf 86' lang='lat' dir='ltr'>vsum</span> <span class='ocrx_word' id='word_1_331' title='bbox 874 2269 1075 2317; x_wconf 89' lang='lat' dir='ltr'>breuiter</span> <span class='ocrx_word' id='word_1_332' title='bbox 1095 2287 1398 2336; x_wconf 80' lang='lat' dir='ltr'>exponuntur.</span> <span class='ocrx_word' id='word_1_333' title='bbox 1477 2277 1530 2321; x_wconf 91' lang='lat' dir='ltr'>In</span> <span class='ocrx_word' id='word_1_334' title='bbox 1554 2271 2006 2321; x_wconf 69' lang='lat' dir='ltr'>EiusdemAucC‘coris</span> 
     </span>
     <span class='ocr_line' id='line_1_33' title="bbox 57 2334 2005 2404; baseline 0.003 -25"><span class='ocrx_word' id='word_1_335' title='bbox 57 2336 202 2380; x_wconf 75' lang='lat' dir='ltr'>Roma</span> <span class='ocrx_word' id='word_1_336' title='bbox 223 2334 369 2380; x_wconf 81' lang='lat' dir='ltr'>media</span> <span class='ocrx_word' id='word_1_337' title='bbox 393 2335 533 2382; x_wconf 84' lang='lat' dir='ltr'>Halae</span> <span class='ocrx_word' id='word_1_338' title='bbox 568 2353 704 2397; x_wconf 80' lang='grc'>1713.</span> <span class='ocrx_word' id='word_1_339' title='bbox 749 2339 905 2386; x_wconf 82' lang='lat' dir='ltr'>eadem</span> <span class='ocrx_word' id='word_1_340' title='bbox 927 2336 1079 2393; x_wconf 86' lang='lat' dir='ltr'>forma</span> <span class='ocrx_word' id='word_1_341' title='bbox 1101 2341 1216 2386; x_wconf 87' lang='lat' dir='ltr'>edita</span> <span class='ocrx_word' id='word_1_342' title='bbox 1238 2343 1350 2388; x_wconf 82' lang='lat' dir='ltr'>ritus</span> <span class='ocrx_word' id='word_1_343' title='bbox 1369 2345 1682 2390; x_wconf 87' lang='lat' dir='ltr'>Romanorum</span> <span class='ocrx_word' id='word_1_344' title='bbox 1705 2340 1783 2388; x_wconf 89' lang='lat' dir='ltr'>sub</span> <span class='ocrx_word' id='word_1_345' title='bbox 1808 2345 2005 2404; x_wconf 86' lang='lat' dir='ltr'>Impera·</span> 
     </span>
     <span class='ocr_line' id='line_1_34' title="bbox 55 2400 2002 2470; baseline 0.004 -23"><span class='ocrx_word' id='word_1_346' title='bbox 55 2400 231 2452; x_wconf 76' lang='lat' dir='ltr'>toribus</span> <span class='ocrx_word' id='word_1_347' title='bbox 264 2402 369 2448; x_wconf 89' lang='lat' dir='ltr'>inde</span> <span class='ocrx_word' id='word_1_348' title='bbox 398 2401 449 2448; x_wconf 82' lang='lat' dir='ltr'>ab</span> <span class='ocrx_word' id='word_1_349' title='bbox 480 2403 679 2465; x_wconf 83' lang='lat' dir='ltr'>Augusto</span> <span class='ocrx_word' id='word_1_350' title='bbox 712 2424 857 2470; x_wconf 87' lang='lat' dir='ltr'>vsque</span> <span class='ocrx_word' id='word_1_351' title='bbox 888 2407 942 2454; x_wconf 81' lang='lat' dir='ltr'>ad</span> <span class='ocrx_word' id='word_1_352' title='bbox 967 2408 1182 2455; x_wconf 79' lang='lat' dir='ltr'>Carolum</span> <span class='ocrx_word' id='word_1_353' title='bbox 1203 2412 1270 2456; x_wconf 88' lang='lat' dir='ltr'>M.</span> <span class='ocrx_word' id='word_1_354' title='bbox 1303 2410 1458 2458; x_wconf 87' lang='lat' dir='ltr'>eadem</span> <span class='ocrx_word' id='word_1_355' title='bbox 1486 2410 1704 2457; x_wconf 91' lang='lat' dir='ltr'>methodo</span> <span class='ocrx_word' id='word_1_356' title='bbox 1725 2423 2002 2455; x_wconf 84' lang='lat' dir='ltr'>enarrantur.</span> 
     </span>
     <span class='ocr_line' id='line_1_35' title="bbox 17 2472 2002 2538; baseline 0.004 -24"><span class='ocrx_word' id='word_1_357' title='bbox 17 2507 20 2514; x_wconf 72' lang='grc'>,</span> <span class='ocrx_word' id='word_1_358' title='bbox 54 2472 223 2533; x_wconf 90' lang='lat' dir='ltr'>Neque</span> <span class='ocrx_word' id='word_1_359' title='bbox 243 2472 519 2517; x_wconf 86' lang='lat' dir='ltr'>omittendus</span> <span class='ocrx_word' id='word_1_360' title='bbox 540 2474 784 2519; x_wconf 82' lang='lat' dir='ltr'>Fridericus</span> <span class='ocrx_word' id='word_1_361' title='bbox 804 2474 1120 2525; x_wconf 77' lang='lat' dir='ltr'>Hildebrandus</span> <span class='ocrx_word' id='word_1_362' title='bbox 1143 2511 1154 2531; x_wconf 84' lang='lat'>‚</span> <span class='ocrx_word' id='word_1_363' title='bbox 1208 2475 1375 2524; x_wconf 60' lang='lat' dir='ltr'>Refilor</span> <span class='ocrx_word' id='word_1_364' title='bbox 1403 2476 1578 2525; x_wconf 90' lang='lat' dir='ltr'>scholae</span> <span class='ocrx_word' id='word_1_365' title='bbox 1609 2474 2002 2538; x_wconf 80' lang='lat' dir='ltr'>Martisburgenfis</span> 
     </span>
     <span class='ocr_line' id='line_1_36' title="bbox 17 2538 1999 2609; baseline 0.003 -26"><span class='ocrx_word' id='word_1_366' title='bbox 17 2585 21 2609; x_wconf 67' lang='lat'><em>÷</em></span> <span class='ocrx_word' id='word_1_367' title='bbox 57 2538 482 2607; x_wconf 72' lang='lat' dir='ltr'>in.Antiquitatibus</span> <span class='ocrx_word' id='word_1_368' title='bbox 509 2542 722 2586; x_wconf 85' lang='lat' dir='ltr'>Romanis</span> <span class='ocrx_word' id='word_1_369' title='bbox 745 2542 1026 2607; x_wconf 81' lang='lat' dir='ltr'>alphabetico</span> <span class='ocrx_word' id='word_1_370' title='bbox 1048 2545 1211 2592; x_wconf 85' lang='lat' dir='ltr'>ordine</span> <span class='ocrx_word' id='word_1_371' title='bbox 1233 2544 1412 2606; x_wconf 85' lang='lat' dir='ltr'>digestis</span> <span class='ocrx_word' id='word_1_372' title='bbox 1431 2577 1444 2598; x_wconf 83' lang='lat'><strong><em>,</em></strong></span> <span class='ocrx_word' id='word_1_373' title='bbox 1488 2544 1616 2591; x_wconf 87' lang='lat' dir='ltr'>breui</span> <span class='ocrx_word' id='word_1_374' title='bbox 1647 2543 1802 2591; x_wconf 87' lang='lat' dir='ltr'>libello</span> <span class='ocrx_word' id='word_1_375' title='bbox 1833 2545 1999 2598; x_wconf 80' lang='lat' dir='ltr'>in·8uo</span> 
     </span>
     <span class='ocr_line' id='line_1_37' title="bbox 57 2604 2001 2674; baseline 0.004 -24"><span class='ocrx_word' id='word_1_376' title='bbox 57 2608 189 2652; x_wconf 84' lang='lat' dir='ltr'>Ienae</span> <span class='ocrx_word' id='word_1_377' title='bbox 218 2617 357 2667; x_wconf 84' lang='lat'><strong>1657.</strong></span> <span class='ocrx_word' id='word_1_378' title='bbox 403 2609 527 2654; x_wconf 85' lang='lat' dir='ltr'>cuius</span> <span class='ocrx_word' id='word_1_379' title='bbox 547 2604 737 2655; x_wconf 82' lang='lat' dir='ltr'>secunda</span> <span class='ocrx_word' id='word_1_380' title='bbox 761 2611 898 2658; x_wconf 88' lang='lat' dir='ltr'>editio</span> <span class='ocrx_word' id='word_1_381' title='bbox 917 2611 1095 2659; x_wconf 48' lang='lat' dir='ltr'>auctior</span> <span class='ocrx_word' id='word_1_382' title='bbox 1117 2627 1160 2658; x_wconf 92' lang='lat' dir='ltr'>et</span> <span class='ocrx_word' id='word_1_383' title='bbox 1181 2610 1429 2669; x_wconf 73' lang='lat' dir='ltr'>correffior</span> <span class='ocrx_word' id='word_1_384' title='bbox 1452 2615 1582 2660; x_wconf 87' lang='lat' dir='ltr'>Ienae</span> <span class='ocrx_word' id='word_1_385' title='bbox 1614 2615 1749 2674; x_wconf 83' lang='grc'>1671.</span> <span class='ocrx_word' id='word_1_386' title='bbox 1777 2620 1819 2668; x_wconf 82' lang='lat'><strong>8.</strong></span> <span class='ocrx_word' id='word_1_387' title='bbox 1852 2613 2001 2659; x_wconf 87' lang='lat' dir='ltr'>lucem</span> 
     </span>
     <span class='ocr_line' id='line_1_38' title="bbox 54 2672 2002 2740; baseline 0.003 -22"><span class='ocrx_word' id='word_1_388' title='bbox 54 2673 184 2720; x_wconf 76' lang='lat' dir='ltr'>vidit.</span> <span class='ocrx_word' id='word_1_389' title='bbox 289 2672 512 2722; x_wconf 68' lang='lat' dir='ltr'>Ostauum</span> <span class='ocrx_word' id='word_1_390' title='bbox 547 2677 720 2740; x_wconf 86' lang='lat' dir='ltr'>prodiit</span> <span class='ocrx_word' id='word_1_391' title='bbox 764 2683 819 2726; x_wconf 88' lang='lat' dir='ltr'>A.</span> <span class='ocrx_word' id='word_1_392' title='bbox 863 2695 1002 2738; x_wconf 82' lang='grc'>1701.</span> <span class='ocrx_word' id='word_1_393' title='bbox 1053 2697 1123 2729; x_wconf 86' lang='lat'>12.</span> <span class='ocrx_word' id='word_1_394' title='bbox 1181 2697 1284 2726; x_wconf 89' lang='lat' dir='ltr'>cum</span> <span class='ocrx_word' id='word_1_395' title='bbox 1315 2678 1499 2736; x_wconf 66' lang='lat' dir='ltr'>‚Ottonis</span> <span class='ocrx_word' id='word_1_396' title='bbox 1528 2681 1729 2728; x_wconf 85' lang='lat' dir='ltr'>Ai&#39;cherii</span> <span class='ocrx_word' id='word_1_397' title='bbox 1760 2679 1887 2727; x_wconf 86' lang='lat' dir='ltr'>libris</span> <span class='ocrx_word' id='word_1_398' title='bbox 1921 2681 2002 2725; x_wconf 85' lang='lat' dir='ltr'>tri-</span> 
     </span>
     <span class='ocr_line' id='line_1_39' title="bbox 21 2738 2003 2816; baseline 0.001 -27"><span class='ocrx_word' id='word_1_399' title='bbox 21 2777 24 2783; x_wconf 85' lang='lat'><strong>.</strong></span> <span class='ocrx_word' id='word_1_400' title='bbox 55 2738 140 2789; x_wconf 89' lang='lat' dir='ltr'>bus</span> <span class='ocrx_word' id='word_1_401' title='bbox 162 2741 217 2792; x_wconf 86' lang='lat' dir='ltr'>de</span> <span class='ocrx_word' id='word_1_402' title='bbox 240 2745 436 2792; x_wconf 84' lang='lat' dir='ltr'>comitiis</span> <span class='ocrx_word' id='word_1_403' title='bbox 448 2748 773 2795; x_wconf 82' lang='lat' dir='ltr'>Romanorum.</span> <span class='ocrx_word' id='word_1_404' title='bbox 849 2748 1149 2816; x_wconf 79' lang='lat' dir='ltr'>Alphabetico</span> <span class='ocrx_word' id='word_1_405' title='bbox 1173 2748 1334 2800; x_wconf 86' lang='lat' dir='ltr'>ordine</span> <span class='ocrx_word' id='word_1_406' title='bbox 1349 2751 1574 2801; x_wconf 80' lang='lat' dir='ltr'>Romanas</span> <span class='ocrx_word' id='word_1_407' title='bbox 1585 2750 1884 2816; x_wconf 82' lang='lat' dir='ltr'>Antiquitates</span> <span class='ocrx_word' id='word_1_408' title='bbox 1906 2747 2003 2811; x_wconf 75' lang='lat' dir='ltr'>ple·</span> 
     </span>
     <span class='ocr_line' id='line_1_40' title="bbox 318 2818 2001 2883; baseline 0 -22"><span class='ocrx_word' id='word_1_409' title='bbox 318 2836 320 2839; x_wconf 93' lang='lat'>·</span> <span class='ocrx_word' id='word_1_410' title='bbox 1066 2818 1124 2867; x_wconf 91' lang='lat' dir='ltr'>M</span> <span class='ocrx_word' id='word_1_411' title='bbox 1159 2819 1213 2883; x_wconf 79' lang='lat'>3&#39;</span> <span class='ocrx_word' id='word_1_412' title='bbox 1909 2831 2001 2881; x_wconf 53' lang='lat' dir='ltr'>rasf</span> 
     </span>
    </p>
   </div>
   <div class='ocr_carea' id='block_1_3' title="bbox 0 1612 30 3027">
    <p class='ocr_par' dir='ltr' id='par_1_4' title="bbox 0 1612 30 3027">
     <span class='ocr_line' id='line_1_41' title="bbox 0 1612 30 3027; baseline 0 0"><span class='ocrx_word' id='word_1_413' title='bbox 0 1612 30 3027; x_wconf 95' lang='lat' dir='ltr'> </span> 
     </span>
    </p>
   </div>
  </div>
 </body>
</html>
