2263 3027
215 93 326 143 ·³83·2
362 78 512 132 CAP.
551 78 710 129 XVII.
785 70 1185 133 STIPENDI'A‚
1223 75 1458 133 DONA,
1496 76 1720 130 MISSIO
1756 82 2085 136 MlLITVM.

231 203 581 253 Historicorum.
652 204 779 266 Qio's
802 199 922 248 bello
956 215 1166 266 ceperant
1195 204 1390 250 Romani
1426 202 1529 251 licet
1559 218 1718 250 omnes
1739 203 1785 251 in
1814 200 2080 255 seruitutem
2103 220 2168 254 re·

230 275 460 335 digerent,
504 287 652 318 tamen
685 287 788 317 cum
820 269 1035 316 omnibus
1066 270 1160 316 non
1196 273 1357 319 eodem
1392 272 1531 319 modo
1560 270 1711 320 astum
1748 270 1822 318 est.
1891 275 1984 337 Qi
2013 271 2169 338 sponte

233 338 532 389 concefferant
555 337 831 391 viffioribus,
870 351 1097 402 ponentes.
1115 355 1235 386 arma
1267 342 1503 404 vocatique
1532 342 1745 396 dedititii,
1782 337 1928 404 specie
1949 341 2092 404 aliqua
2121 340 2170 387 li-

229 409 411 456 bertatis
435 407 698 459 vtebantur,
749 408 860 470 quin
884 421 1033 470 tamen
1065 405 1327 454 obeundum
1361 405 1573 471 consequi
1595 405 1770 472 possent
1795 423 1958 455 munus
1979 424 2052 455 aut
2074 404 2170 454 offi-

231 480 349 523 cium
374 510 384 529 ,
421 477 493 522 cui
523 475 632 539 quid
655 476 844 522 honoris
870 491 1096 520 annexum
1121 475 1362 523 videretur.
1436 477 1558 524 Bello
1588 477 1751 523 domiti
1781 491 1822 521 ct
1848 479 1996 523 vocati
2021 481 2171 527 manci-

227 559 317 612 pes,
356 545 473 607 quast
492 560 618 588 mann
638 547 775 609 capti³
811 539 1012 588 seruituti
1035 542 1223 589 obnoxii
1253 544 1579 592 detinebantur.
1653 546 1745 607 Qi
1769 561 1879 589 vero
1906 542 2042 590 semel
2063 541 2172 589 viC’ti

230 629 273 658 et
298 612 500 658 libertate
524 607 676 656 donati
698 628 721 656 a
744 610 1040 656 dominorum
1061 612 1256 674 imperio
1282 611 1570 669 deficiebant,
1606 629 1753 676 poena
1783 614 1983 658 criminis
2013 610 2169 657 multa-

230 679 415 733 bantur,
461 677 609 725 bestiis
641 676 852 743 expositi,
895 693 968 724 aut
1004 679 1057 724 ad
1088 680 1408 742 amphitheatri
1448 683 1688 727 ccrtamina
1719 679 1920 726 destinati
1947 714 1957 733 ‚
2010 679 2172 725 deinde

228 746 307 794 sub
349 745 607 794 Christianis
661 745 1012 810 Imperatoribus
1067 747 1121 792 ad
1177 749 1405 801 triremes,
1459 763 1501 795 et
1545 749 1598 794 ad
1649 749 1894 809 remigibus
1929 744 2171 794 inseruien-

229 816 351 863 dum.
455 818 537 861 Per
576 815 864 878 triumphum
909 814 1038 865 ctiam
1072 816 1196 860 vario
1237 814 1496 862 discrimine
1539 816 1827 862 ducebantur.
1898 817 1992 879 Qi
2025 813 2170 861 nobili

209 900 394 946 genere
415 886 528 936 orti,
569 882 711 928 veluti
737 883 990 946 Principes,
1025 880 1330 943 Magistratus,
1367 884 1649 931 vehebantur
1678 882 1909 948 plaustris,
1952 880 2026 929 sed
2048 898 2170 946 prae-

228 950 430 1016 postere,
467 966 511 996 et
529 965 658 1009 tergo
682 946 882 1001 inuersa,
916 948 945 994 fi
977 952 1155 1012 quando
1180 967 1233 995 ex
1265 953 1515 1012 ignominia
1538 969 1639 998 cum
1663 954 1715 997 iis
1746 951 1968 1013 agendum
1995 949 2171 996 videba-

227 1034 332 1065 tur:
377 1019 511 1065 ceteri
541 1014 858 1063 affePtabantur
879 1016 1070 1080 pedibus
1096 1035 1106 1072 ;
1160 1016 1437 1081 rebellesque
1471 1019 1570 1083 post
1602 1035 1779 1081 tergum
1813 1036 1968 1065 manus
1998 1016 2170 1064 vineias
2241 1007 2257 1089 Ξ

226 1086 482 1134 habebant:
526 1086 721 1131 inermes
756 1101 927 1130 omnes,
1008 1084 1126 1132 Vide
1157 1082 1267 1133 Atia
1300 1086 1598 1133 Eruditorum
1636 1093 1690 1135 A.
1722 1103 1857 1148 1759.
1886 1104 1986 1153 pag.
2019 1102 2082 1144 90
2107 1082 2172 1149 sq.

362 1224 437 1268 XI.
473 1223 543 1266 De
567 1217 789 1282 stipendio
815 1218 998 1264 militari
1028 1218 1152 1282 quod
1182 1236 1266 1284 per
1293 1234 1387 1282 350
1422 1217 1517 1268 fere
1538 1237 1680 1268 annos
1703 1221 1879 1267 nullum
1899 1217 1987 1267 fuit
2008 1223 2170 1266 Roma·
2241 1207 2258 1271 ,ἷ-

225 1292 317 1343 nis,
354 1291 440 1335 iam
462 1285 595 1351 supra
613 1285 783 1333 dicium
805 1285 885 1342 est,
922 1304 1013 1351 cap.
1048 1295 1117 1336 16.
1152 1284 1348 1335 seciione
1373 1306 1412 1352 ς.
1446 1306 1547 1353 pag.
1570 1297 1682 1350 776.
1710 1288 2091 1353 quemadmodum
2116 1288 2170 1334 de

223 1360 386 1423 poenis
414 1372 596 1420 quoque
617 1370 712 1419 cap:
751 1370 818 1407 ις.
842 1352 1040 1402 seffione
1073 1370 1142 1408 ις.
1175 1372 1223 1420 p.
1243 1364 1354 1415 758.
1427 1357 1514 1403 Sub
1549 1355 1898 1421 imperatoribus
1922 1372 2015 1402 non
2036 1372 2170 1402 anno·

225 1444 329 1473 nam
357 1425 495 1471 modo
518 1439 560 1470 et
581 1441 701 1470 arma
726 1423 780 1469 de
801 1423 985 1487 publico
1007 1423 1171 1469 milites
1194 1424 1491 1487 accipiebant,
1528 1422 1601 1470 sed
1624 1424 1764 1471 vestes
1785 1441 1979 1488 quoque.
2054 1424 2169 1469 Vide

225 1493 590 1554 Lindebrogium
611 1507 654 1538 et
676 1490 896 1537 Valefium
919 1492 971 1537 ad
996 1493 1191 1554 Appiani
1215 1494 1329 1537 XXI.
1355 1501 1393 1541 6.
1474 1495 1677 1558 Largitas
1702 1494 1985 1539 Valentiniani
2001 1491 2172 1556 Augusti

223 1564 272 1608 in
297 1559 417 1608 disco
441 1574 654 1621 argenteo
679 1562 889 1606 Geneuae
922 1574 1103 1622 reperto
1138 1558 1348 1605 illustrata
1381 1558 1681 1607 dissertatione
1710 1564 1766 1608 D.
1797 1559 2022 1608 Abruzitii
2051 1558 2169 1623 apud

224 1627 607 1677 Montfauconum
638 1642 747 1675 tom.
775 1634 814 1672 6.
847 1625 1151 1690 supplementi
1181 1627 1267 1672 tab.
1291 1631 1496 1680 XXVIII.
1530 1646 1572 1693 p.
1599 1645 1652 1686 51
1684 1625 1776 1691 sqq.
1855 1626 2019 1690 Qii‘ab
2043 1627 2168 1672 lio-stc

223 1697 303 1744 sub
329 1700 484 1760 iugum
507 1697 627 1742 mitti
649 1693 691 1741 se
713 1693 1026 1758 permiserant,
1068 1711 1161 1740 non
1183 1697 1343 1741 iterum
1367 1714 1387 1742 a
1420 1699 1636 1742 Romanis
1659 1695 1802 1741 statim
1823 1691 1992 1741 admiffi
2013 1694 2064 1737 ad
2090 1694 2169 1738 mi·
2231 1737 2233 1739 .

224 1766 365 1812 litiam
390 1798 402 1817 ,
454 1762 528 1811 sed
557 1763 718 1828 procul
745 1781 766 1808 a
796 1764 936 1826 patria
956 1796 966 1815 ‚
1017 1763 1178 1826 procul
1202 1762 1253 1808 ab
1285 1764 1466 1826 oppidis
1501 1762 1598 1808 iuffi
1626 1763 1876 1808 hibernare⁴
1946 1759 2063 1805 Vide
2094 1761 2166 1806 Li-

225 1835 354 1880 uium
377 1835 539 1878 XXVI.
569 1846 607 1877 1.
633 1832 711 1893 qui
733 1831 787 1876 de
808 1833 896 1875 ritu
921 1830 998 1875 illo
1022 1828 1329 1890 ignominioso
1357 1830 1578 1876 videndus
1608 1829 1685 1893 ΠΙ.
1716 1836 1793 1883 28.
1863 1831 1932 1874 De
1955 1827 2168 1881 ⁵militari·
2235 1825 2240 1829 ’

224 1899 307 1947 bus
338 1900 469 1945 donis
494 1898 748 1944 Alexander
780 1897 833 1943 ab
859 1897 1113 1943 Alexandro
1140 1901 1214 1947 IV.
1246 1906 1319 1952 18.
1356 1913 1397 1942 et
1426 1896 1489 1942 ibi
1518 1896 1818 1958 Tiraquellus.
1889 1897 2166 1941 Praemiaet

184 1994 190 2001 ·
225 1969 343 2015 dona
367 1966 597 2016 militaria,
636 1963 795 2026 τιμάι,
835 1958 1017 2028 δωρεαί,
1053 1962 1219 2022 κόσμιοι
1247 1961 1430 2008 fuerunt
1452 1978 1658 2025 torques,
1701 1962 1920 2017 armillae,
1970 1963 2165 2009 corollae

226 2052 329 2083 cum
354 2034 530 2080 laminis
553 2033 719 2085 aureis,
757 2031 912 2075 annuli
943 2045 1022 2076 etc.
1055 2031 1161 2075 vide·
1183 2030 1422 2090 Rigaltium
1457 2047 1498 2094 p.
1527 2036 1581 2075 61
1617 2027 1708 2093 sqq.
1742 2030 1797 2076 ad
1831 2027 2163 2080 Onosandrum.

224 2108 294 2151 De
317 2102 457 2148 diaeta
478 2116 609 2162 atque
628 2096 753 2144 vieta
778 2098 960 2143 militari
988 2111 1191 2142 veterum
1208 2131 1217 2149 ‚
1254 2100 1403 2143 coenis
1425 2096 1755 2153 viciorialibus,
1799 2099 2162 2162 triumphalibus,
2190 2102 2201 2109 ”
2221 2139 2223 2142 .

228 2171 474 2224 donatiuis‚
516 2167 756 2227 congiariis
785 2163 991 2210 Stuckius
1020 2180 1058 2212 1.
1081 2178 1156 2213 21.
1185 2167 1364 2227 Antiqu.
1386 2165 1620 2212 Conuiual.
1692 2168 1763 2211 De
1787 2168 2017 2213 vacatione
2035 2184 2057 2212 a
2082 2168 2162 2213 mi-

225 2241 341 2293 litia,
378 2236 601 2302 praeclara
623 2232 839 2296 quaedam
861 2228 1066 2277 obseruat
1093 2230 1264 2296 Lipfius
1288 2232 1360 2278 lib.
1392 2247 1435 2282 Ι,
1456 2233 1511 2281 de
1540 2232 1666 2280 milit.
1689 2250 1781 2297 cap,
1809 2255 1854 2292 4.
1876 2249 1919 2279 et
1941 2233 1993 2279 ad
2012 2234 2091 2282 lib.
2119 2250 2161 2283 1.

225 2306 386 2356 Annal.
407 2304 556 2351 Taciti
578 2319 676 2366 pag.
701 2312 760 2359 36
791 2297 849 2362 sq.
883 2297 963 2345 vbi
991 2299 1121 2347 docet
1151 2298 1399 2347 mistionem
1427 2301 1624 2348 militum
1648 2301 1777 2347 aliam
1806 2301 2005 2363 honestam
2031 2299 2160 2350 fuiffe

225 2374 326 2443 post
356 2389 414 2420 20
437 2387 662 2418 annorum
696 2367 969 2433 stipendium
998 2364 1029 2412 fi
1058 2368 1254 2432 pedites,
1292 2368 1391 2432 post
1427 2385 1487 2419 10
1516 2386 1738 2416 annorum
1767 2368 1797 2415 fi
1826 2370 2022 2432 equites,
2060 2367 2159 2434 post

226 2459 287 2500 ας
313 2441 344 2488 fi
365 2455 520 2487 nautae
547 2435 748 2489 fuiffent,
786 2435 935 2494 quales
958 2433 1227 2482 exaustorati
1252 2435 1512 2484 dicebantur
1539 2442 1759 2484 veterani:
1817 2437 1962 2484 Aliam
1991 2436 2157 2484 miffio-

226 2528 334 2559 nem
355 2506 603 2571 cauſjkzriam
626 2504 685 2551 ob
705 2505 884 2559 vitium,
913 2501 1155 2560 defe&um‚
1186 2504 1422 2552 morbum:
1458 2504 1589 2552 aliam
1600 2504 1836 2571 gratioslzm
1866 2521 1948 2568 per
1969 2508 2155 2566 gratiam

224 2593 271 2625 et
300 2575 518 2622 ambitum
539 2611 552 2630 ‚
593 2574 723 2620 aliam
764 2572 959 2634 denique
985 2571 1296 2638 ignominiosam
1326 2572 1384 2620 ob
1416 2571 1631 2621 delifi'tum
1661 2589 1702 2621 et
1731 2574 1915 2622 crimen.
1985 2571 2156 2620 Confer

225 2644 421 2693 eundem
441 2641 641 2705 Lipfium
665 2643 692 2688 l.
720 2656 759 2697 5.
781 2640 836 2686 de
856 2640 988 2688 milit.
1009 2643 1209 2687 Romana
1229 2658 1320 2705 cap.
1342 2658 1412 2702 ¹9·
1435 2657 1478 2688 et
1505 2641 1560 2688 de
1591 2639 1782 2688 mifficiis
1804 2639 2022 2688 militibus
2043 2640 2155 2703 sigil-

224 2714 349 2761 latim
367 2712 531 2775 Sponii
550 2707 835 2756 Miscellanea
865 2723 910 2773 p.
936 2721 964 2757 2
972 2724 995 2775 3
1005 2729 1032 2768 9
1056 2705 1148 2773 sqq.
1219 2711 1289 2758 De
1311 2709 1630 2764 decimatione,
1659 2705 2020 2768 vicefimatione,
2057 2725 2155 2756 cen-

1032 2792 1034 2796 ’
1995 2776 2158 2829 telima-
