2263 3027
240 127 342 182 294
416 112 565 168 cap,
586 111 695 166 vu.
766 107 1262 172 SVCCESSIONES
1294 111 1674 169 PRINCIPVM
1698 116 1799 172 ET
1832 115 2030 179 EPISC'.

238 240 294 290 ab
313 238 528 291 Anselmo
548 240 773 290 Bandurio
792 239 842 288 in
861 241 1064 308 Imperio
1083 239 1328 298 Orientali,
1343 245 1405 290 ‘et'
1417 243 1465 290 in
1491 239 1698 292 thesauro
1718 243 1866 294 eccles.
1886 249 2177 316 antiquitatis}

238 324 283 360 et
300 307 443 359 sacrae
461 329 509 359 ac
529 305 747 375 profanae
767 309 1051 358 eruditionis.
1068 311 1271 358 Veneriis
1291 325 1530 375 ¹749·¹75
1543 328 1579 362 1.
1604 314 1725 363 Voll.
1745 329 1787 375 3.
1808 317 1910 365 Vol.
1925 333 1964 378 3.
1978 317 2080 368 se&
2100 337 2173 383 ¹3·

240 375 497 428 vxffi‘reheri
516 381 584 427 ius
605 380 779 441 Gra‘eco
800 380 934 427 Rom.
954 395 998 444 p.
1024 384 1132 435 296.
1154 375 1239 443 seq.
1278 395 1320 426 et
1342 381 1698 445 chronologiam
1726 387 1856 449 operi
1869 385 2171 450 'praemiis-am,

240 447 474 496 Labbeum
493 449 542 494 in
565 448 847 514 protreptico
867 445 982 494 Hist.
1007 449 1289 511 Byzantinae‚
1310 463 1353 495 et
1377 452 1521 501 Henr.
1544 451 1770 499 Hilarium
1792 454 1847 500 ad
1869 456 2070 520 Philippi
2083 459 2172 519 Cy-

238 517 332 581 prii
365 516 632 564 Chronicon
652 514 864 564 Ecclesiae
885 518 1094 569 Graecae,
1116 533 1196 563 nec
1217 533 1310 563 non
1333 515 1624 582 conspestum
1655 519 1882 569 Historiae
1910 523 2174 572 CPolitanae

240 599 380 648 quem
417 583 521 631 dedi
552 584 671 632 libro
708 587 868 650 quinto
904 585 1205 635 Bibliothecae
1234 588 1430 635 Graecae
1457 590 1603 654 capite
1622 592 1797 654 quinto,
1830 592 2035 638 omittam
2054 609 2077 636 :¹
2101 595 2175 640 De

240 652 636 714 Hierosolymitanis
661 655 714 702 ab
736 656 895 705 eodem
919 658 1226 724 Papebrochio
1248 660 1294 704 in
1315 662 1453 704 Tom.
1472 673 1511 719 3.
1536 659 1671 711 Maii,
1702 674 1744 705 et
1767 662 1825 705 T.
1849 673 1891 720 7.
1913 676 1958 723 p.
1982 667 2090 714 695.
2109 655 2176 723 sq.

240 734 284 767 et
303 720 406 768 Vol.
418 739 449 768 1.
462 719 571 772 thes.
593 721 744 773 eccles.
766 728 898 790 antiq.
920 743 961 791 p.
977 731 1086 783 265.
1110 724 1153 772 ss'.
1231 729 1301 772 De
1319 728 1615 773 Alexandrinis
1632 725 1684 772 ab
1709 725 1967 773 Abrahamo
1987 727 2173 773 Ecchel-

239 785 345 833 lensi
368 789 412 834 in
435 791 604 837 Chron.
626 794 849 840 Orientali
866 795 950 856 (ad
970 812 1110 858 vsque
1134 802 1187 841 A.
1217 801 1385 852 1250.)
1405 791 1533 841 Paris.
1557 799 1694 854 1651.
1716 791 1796 840 fol.
1842 794 1924 841 Ed.
1944 792 2182 841 Pocockio-

228 854 386 902 ¹indice
408 857 460 903 ad
485 860 697 922 Eutychii
719 863 934 916 Annales,
969 861 1205 909 Athanasio
1227 863 1444 909 Kirchero
1477 865 1524 908 in
1556 863 1809 926 prodromo
1833 864 1982 927 Copto
2005 877 2048 909 et
2069 859 2171 926 post

235 924 441 970 Lexicon
464 929 706 990 Copticum
732 946 829 992 pag.
853 946 877 989 5
898 956 903 970 .
921 937 962 985 8.
987 927 1073 994 seq.
1113 932 1312 977 Iohanne
1332 931 1476 976 Mich.
1500 928 1771 977 Wansleben
1791 930 1846 976 ad
1867 931 2030 976 calcem
2061 929 2170 975 libri

237 990 293 1038 de
323 991 511 1039 Ecclesia
541 994 843 1043 Alexandrina
884 994 1012 1043 Paris.
1054 1007 1189 1058 1677.
1229 1011 1298 1046 12.
1373 995 1515 1044 Olfer.
1543 1001 1757 1061 Dappero
1789 999 1835 1042 in
1866 996 2179 1061 descriptione-

236 1055 441 1118 Africae,
477 1065 717 1126 praecipue
747 1081 859 1112 vero
887 1066 935 1112 in
968 1064 1090 1112 Affis
1122 1063 1388 1112 Sanstorum
1425 1083 1446 1110 a
1467 1069 1529 1112 Io.
1553 1069 1673 1128 Bapt.
1695 1064 1884 1110 Sollerio
1915 1068 1953 1111 S.
1977 1068 2007 1112 I.
2041 1067 2098 1110 T.
2127 1077 2168 1124 ς.

235 1127 378 1173 Iunii:
414 1142 458 1173 et
489 1128 725 1177 nouissime
752 1132 803 1178 ab
835 1136 888 1178 V.
909 1135 958 1179 C.
986 1130 1178 1181 Eusebio
1211 1132 1473 1179 Renaudoto
1510 1134 1554 1178 in
1578 1130 1776 1178 Historia
1809 1133 2167 1180 Patriarcharum

234 1193 663 1250 Alexandrinorum,
683 1197 813 1245 Parisl
840 1215 897 1260 17
912 1219 923 1249 t
939 1215 978 1260 3.
1003 1218 1043 1261 4.
1077 1215 1119 1248 et
1141 1200 1242 1247 Vol.
1272 1215 1310 1260 3.
1347 1196 1569 1245 Thesauri
1590 1197 1738 1245 eccles.
1761 1202 2043 1263 antiquitatis.
2058 1217 2101 1264 p.
2123 1215 2170 1248 ι-

237 1275 348 1323 134.
423 1266 492 1310 De
511 1266 774 1312 Anriochenis·
795 1267 1148 1331 antiquioribus,
1179 1267 1564 1331 quemadmodum
1594 1266 1648 1312 de
1678 1266 1862 1312 aliarum
1889 1284 2071 1330 quoque
2102 1264 2177 1314 se«

233 1328 359 1375 dium
381 1333 745 1380 Patri-archasium
770 1334 1052 1382 Antistitibus
1072 1333 1367 1382 consulendus
1398 1334 1584 1380 Carolus
1617 1351 1638 1379 a
1660 1337 1700 1378 S.
1723 1334 1874 1379 Paullo
1895 1337 1944 1379 in
1966 1338 2170 1395 Geogra·

231 1397 340 1461 phia
364 1394 493 1451 sacra,
530 1403 781 1463 Eutychius
801 1404 849 1448 in
870 1402 1132 1454 Annalibus,
1156 1402 1450 1464 Nicephorus
1471 1399 1601 1445 CPol.
1625 1401 1671 1444 in
1693 1400 2173 1464 Chronographia-etc..

228 1466 300 1510 De
321 1466 620 1513 Antiochenis
642 1465 865 1534 episcopis
885 1488 908 1516 a
930 1467 1037 1521 saec.
1057 1484 1176 1532 1-13.
1213 1465 1468 1515 consulatur
1489 1463 1596 1514 thes.
1621 1464 1768 1513 eccles.
1785 1460 1988 1531 antiquit.
2003 1470 2104 1514 Vol.
2121 1484 2166 1528 3,

228 1527 331 1578 sebi.
351 1533 603 1582 vndecima.
670 1537 983 1599 Chronologia
1014 1533 1347 1601 Episcoporum
1374 1539 1676 1588 Romanorum,
1704 1536 2011 1599 antiquiorum
2040 1535 2165 1600 prae-

229 1596 382 1646 sertim
402 1602 708 1664 perturbatior
732 1604 814 1659 est,
850 1620 901 1652 vt
913 1606 1157 1666 vnicuique
1178 1599 1410 1666 apparebit
1430 1604 1510 1666 qui
1530 1602 1604 1648 vel
1632 1605 1884 1650 recentium
1905 1601 2065 1668 scripta
2089 1602 2167 1650 vel

228 1683 405 1734 veteres
428 1670 663 1731 Catalogos
684 1669 895 1719 conferre
916 1673 1034 1719 inter
1053 1668 1096 1716 se
1115 1670 1326 1717 voluerit.
1395 1673 1565 1717 Decem
1587 1671 1821 1732 Catalogos
1835 1686 2008 1718 veteres
2021 1687 2063 1718 et
2082 1688 2166 1717 vn·

231 1735 458 1781 decimum
481 1739 686 1783 Honorii
706 1735 1133 1802 Augustodunensis‚
1155 1742 1201 1778 54
1239 1738 1464 1783 Antonius
1485 1739 1589 1797 Pagi
1609 1736 1833 1800 praemisit
1843 1742 1999 1784 Tomo
2020 1739 2164 1784 1.Cri-

228 1804 341 1849 ticae
374 1805 564 1852 Batonii.
633 1807 780 1852 Etiam
812 1806 1048 1868 Catalogos
1078 1803 1211 1852 binos
1243 1821 1346 1851 cum
1370 1806 1504 1850 variis
1532 1801 1919 1868 obseruationibus
1942 1804 2165 1868 Papebro-

230 1871 359 1918 chius
378 1875 533 1917 Tomo
557 1887 592 1918 1.
630 1870 727 1922 A&
748 1871 1016 1920 Sanstorum
1043 1873 1214 1938 Aprilis
1236 1869 1467 1937 praefixit,
1504 1886 1680 1936 praeter
1712 1888 1902 1934 quatuor
1923 1872 2026 1918 illos
2049 1888 2163 1934 quos

229 1938 370 1986 edidit
393 1939 441 1984 in
461 1941 635 1985 Conatu
656 1941 887 1988 Chronico
909 1939 1156 1993 Historico,
1193 1940 1443 2003 propylaeo
1465 1937 1616 1986 Αᾶοτ.
1641 1942 1767 1987 Maii.
1843 1939 2035 1986 Librum
2047 1944 2163 1985 Pon-

229 2003 439 2053 tificalem
458 2022 561 2052 cum
583 2007 804 2071 Catalogis
827 2009 1019 2072 antiquis
1037 2010 1108 2070 (in
1132 2005 1393 2072 Cuspiniani
1413 2005 1543 2060 fastis,
1583 2021 1626 2053 et
1646 2006 1697 2053 ab
1723 2007 1913 2069 Aegidio
1934 2008 2160 2054 Bucherio

227 2089 274 2138 p.
298 2082 406 2128 269.
442 2074 496 2119 ad
516 2072 744 2121 Viffiorini
763 2075 998 2122 Canonem‘
1015 2071 1227 2137 Paschai.)
1249 2090 1565 2138 comparatum·
1580 2075 1631 2120 ad
1653 2077 1776 2121 MSS.
1800 2075 1975 2123 codices
1999 2090 2164 2122 etcum

227 2141 325 2187 aliis
347 2156 553 2200 veterum
572 2141 841 2188 testimoniis
860 2142 1072 2189 collatum
1096 2142 1279 2189 exhibet
1300 2143 1515 2189 Emanuel
1531 2140 1890 2197 Schelstratenus‚
1909 2147 1967 2190 T.
1991 2160 2027 2190 1.
2069 2149 2162 2190 An-

227 2209 447 2272 tiquitatis
479 2206 726 2256 illustratae.
839 2207 987 2255 Exstat
1017 2224 1060 2256 et
1095 2210 1330 2272 Catalogus
1364 2208 1633 2256 Pontificum
1661 2213 1795 2259 Rom.
1822 2213 1871 2258 in
1901 2210 2161 2275 Nicephori

230 2276 767 2339 CPol.Chronographia‚
788 2292 924 2338 quem
956 2276 1090 2323 latine
1109 2279 1247 2324 vertit
1267 2276 1508 2325 Anastasius
1525 2277 1913 2325 Bibliothecarius:
1951 2281 2053 2325 etin
2074 2282 2161 2324 Or-

231 2344 371 2391 derici
392 2345 550 2389 Vir-alis
570 2343 769 2390 Historia
784 2342 1076 2390 Ecclesiastica
1106 2344 1179 2390 lib.
1199 2360 1236 2392 2.
1263 2362 1359 2408 pag.
1382 2349 1493 2407 436.
1564 2348 1599 2391 E
1633 2345 1960 2394 recentioribus
1983 2360 2161 2410 praeter

227 2414 430 2473 Pagium,
464 2409 835 2458 Schelstratenum
859 2426 901 2458 et
920 2411 1278 2475 papebrochium
1300 2413 1484 2458 videndi
1505 2415 1568 2458 Io.
1590 2410 1850 2461 Pearsonius
1870 2414 1916 2459 in
1940 2411 2158 2477 operibus

231 2479 474 2543 postumis3
515 2483 661 2525 chr.
689 2478 950 2527 Dodwellus
984 2481 1030 2524 in
1064 2477 1226 2526 dissert.
1252 2480 1304 2526 de
1325 2478 1589 2527 succeffione
1616 2477 1949 2545 Episcoporum
1968 2481 2158 2540 Romae,

232 2562 273 2591 et
294 2550 325 2590 1.
346 2551 396 2591 L.
415 2551 575 2593 Bertus
595 2544 834 2594 Diss'ertatt.
857 2544 1055 2593 historic.
1077 2547 1179 2592 Vol.
1195 2561 1234 2595 2.
1256 2546 1360 2594 Diis.
1384 2552 1415 2594 I.
1484 2551 1553 2594 De
1579 2545 1842 2594 successione
1862 2546 2158 2610 antiquiffima

232 2610 559 2675 Episcoporum
587 2617 830 2660 Romanor.
850 2614 956 2660 inde
977 2631 999 2659 a
1017 2618 1149 2660 Petro
1171 2631 1309 2678 Vsque
1329 2617 1381 2662 ad
1402 2613 1634 2662 ViEiorem
1657 2614 1859 2662 libellum
1884 2616 2024 2662 edidit
2039 2620 2155 2666 ioan.

231 2677 430 2742 Philipp.
451 2683 705 2727 Baraterius.
745 2682 898 2729 Vltrai.
929 2697 1128 2744 1740.4.
1200 2685 1413 2731 Ceterum
1434 2700 1574 2747 quum
1595 2684 1641 2731 in
1660 2683 1941 2750 pertexenda
1957 2697 2155 2730 accurate

2108 2762 2154 2797 et

292 2825 326 2851 Ν
355 2820 485 2862 Lzstat
505 2831 541 2862 et
560 2822 688 2861 Tomo
713 2835 779 2864 20.
806 2825 903 2865 Bibl.
925 2829 1083 2868 Pati-um
1102 2827 1191 2869 edit.
1208 2828 1335 2885 Lugd.
1356 2842 1395 2882 p.
1413 2828 1532 2870 1026.
