2263 3027
226 141 326 199 246
713 132 880 185 CAP.
915 129 1044 182 vn.
1114 128 1688 192 CHRoNoroot

232 257 375 306 denus
407 256 483 305 lib.
512 273 549 319 ς.
586 276 677 326 cap.
700 273 740 311 2.
782 260 837 307 de
868 261 965 307 iure
997 252 1176 307 naturae
1202 272 1247 306 et
1276 260 1507 308 Gentium.
1574 259 1667 306 Hic
1695 274 1750 305 ex
1782 255 1939 323 priscis
1959 260 2160 307 Orientis

233 328 544 373 monumentis
566 346 588 373 a
610 345 762 374 rerum
785 329 924 375 initiis
947 328 1001 374 ad
1032 334 1083 375 A.
1107 331 1153 375 C.
1174 343 1287 387 940.
1328 327 1576 374 Historiam
1607 326 1694 374 siue
1718 327 1925 379 Annales,
1958 327 2162 391 plerum-

231 410 318 458 que
338 392 669 449 Ecclefiasticos„
705 394 878 442 summa
903 396 1026 459 quod
1046 397 1242 442 eiusdem
1270 396 1447 442 Seldeni
1470 397 1684 442 iudicium
1709 395 1782 450 est,
1816 395 2046 457 diligentia
2059 412 2163 441 con-

231 464 386 508 texuit.
459 463 562 508 Fuit
585 465 833 510 Patriarcha
862 464 1188 510 Alexandrinus
1218 462 1269 508 ab
1306 469 1355 509 A.
1379 467 1424 508 C.
1449 479 1560 524 933.
1601 462 1643 493 ²⁶
1679 464 1733 508 ad
1769 479 1883 522 950.
1910 478 2013 525 >quo
2041 463 2164 509 diem

230 527 344 575 obiit
366 527 639 594 supremum.
742 530 925 594 Haerefi
958 531 1254 578 Iacobitarum
1278 529 1364 576 fiue
1396 533 1783 594 Eutychianorum
1813 546 1855 577 et
1874 528 2165 577 Nestori-ano-

233 613 334 643 rum
355 600 523 662 pariter
545 597 758 652 infestus,
794 614 1028 663 Vtramque
1052 612 1308 662 oppugnat,
1346 613 1388 642 et
1408 598 1674 649 Melchitam
1705 597 1748 645 se
1770 597 2012 662 profitetur
2040 603 2097 645 T.
2123 615 2164 646 2.

229 681 329 728 pag.
359 672 429 714 16.
459 682 630 728 23..79.
664 684 766 730 ¹47·
794 664 884 731 seq.
960 667 1320 726 Chronologicae
1344 667 1438 711 eius
1459 668 1650 713 rationes
1671 667 1921 731 probantur
1952 667 2162 730 inprimis

230 734 391 778 Ioanni
409 731 644 780 Pearsonio
680 737 727 781 in
762 733 854 781 diff.
890 734 1139 799 posteriore
1160 733 1214 779 de
1234 734 1360 778 annis
1392 735 1597 796 priorum
1623 737 1793 780 Rom-ae
1816 731 2162 799 Episcopo‘rum,

230 798 334 845 iicet
356 816 448 845 non
470 816 643 848 tantum
664 795 752 849 illis
772 803 937 849 tribuat
955 805 1004 848 in
1028 803 1248 847 Vindiciis
1273 802 1526 862 Ignatianis.
1605 803 1780 848 Locum
1811 802 2037 865 quendam
2068 799 2164 848 infi-

231 884 367 928 gnem
393 870 637 916 Annalium
659 872 873 934 Eutychii
892 887 993 916 cum
1018 872 1172 916 Latina
1195 867 1400 915 verfione
1420 884 1462 915 et
1485 872 1809 916 commentario
1830 867 1908 916 suo
1935 870 2075 916 edidit
2101 873 2162 915 [o.

230 935 443 980 Seldenus
465 938 610 984 Lond.
642 945 780 994 1642.
813 955 858 994 4.
895 935 973 1001 sub
995 938 1125 983 titulo
1150 938 1392 997 Originum
1416 937 1834 984 Alexandrinarum.
1901 941 2029 1001 Qae
2059 936 2165 984 inde

230 1002 421 1050 Seldeno
445 1003 658 1068 opposuit
681 1006 906 1052 Abraham
917 1002 1211 1051 Ecchellenfis
1225 1007 1269 1049 in
1279 1005 1506 1067 Eutychio
1528 1002 1606 1051 suo
1627 1006 1858 1067 vindicato
1871 1008 2002 1050 Rom.
2021 1014 2113 1054 166
2128 1020 2164 1051 1.

229 1085 277 1131 4.
305 1069 359 1115 ad
389 1087 437 1116 ea
465 1070 706 1136 respondet
728 1073 944 1130 Seldenus-
971 1075 1017 1118 in
1042 1069 1322 1137 praefatione
1352 1074 1407 1118 ad
1436 1085 1586 1119 rerum
1610 1073 1900 1134 Anglicarum
1923 1069 2164 1136 scriptores

231 1153 417 1182 veteres.
484 1143 696 1186 Ceterum
727 1156 874 1187 totum
905 1141 1117 1204 Eutychii
1147 1157 1260 1203 opus
1288 1135 1476 1186 A'rabice
1497 1157 1538 1201 et
1560 1143 1716 1187 Latine
1737 1158 1838 1187 cum
1860 1138 2098 1186 vtiliffimis
2111 1140 2166 1187 ad

229 1221 326 1250 rem
350 1206 733 1269 Chronologicam
764 1208 986 1255 indicibus
1018 1208 1218 1269 vulg-duit
1247 1207 1481 1253 Edu-ardus
1514 1208 1743 1254 Pokokius
1767 1212 1917 1253 Oxon.
1945 1212 2032 1267 165
2044 1216 2085 1263 8.
2117 1214 2165 1268 4

231 1272 463 1327 &Seldeno
486 1273 783 1338 potiffimum,
812 1292 862 1323 vt
883 1277 971 1323 hoc
991 1275 1155 1322 laboris
1178 1277 1225 1320 in
1252 1272 1294 1321 se
1323 1272 1562 1339 susciperet
1592 1273 1833 1338 impulsus,
1871 1292 2016 1338 neque
2041 1276 2166 1322 enim

230 1336 325 1402 ipse
361 1341 576 1389 Seldenus
607 1344 681 1404 (A.
710 1352 860 1406 1654.⁴
888 1346 976 1390 iam
997 1340 1316 1407 septuagesimo
1340 1345 1490 1388 aetatis
1510 1359 1628 1387 anno
1651 1340 1911 1402 defunetus)
1935 1344 2166 1403 integrum

227 1407 505 1469 Eutychium
525 1410 599 1456 vel
621 1412 757 1456 vertit
782 1411 854 1456 vel
877 1413 922 1455 in
942 1410 1089 1456 lucem
1109 1409 1261 1460 edidit,
1298 1424 1388 1470 quo
1415 1411 1604 1454 nomine
1624 1409 1768 1454 Eliam
1793 1409 1853 1454 du
1872 1411 1953 1455 Pin
1969 1413 2106 1455 Tom.
2123 1418 2167 1466 8.

227 1473 514 1522 BibLEccles.
536 1490 638 1541 p.4.
675 1479 762 1524 hoc
776 1477 1027 1524 tradentem
1038 1472 1158 1524 reste
1173 1476 1514 1541 reprehendunt
1538 1474 1935 1524 astaEruditorum
1950 1480 2002 1530 A.
2027 1481 2167 1534 1698.

225 1558 327 1607 pag.
358 1546 463 1592 162.

362 1626 567 1688 Gregorii
586 1624 861 1691 Abulpharaii
884 1631 931 1664 2⁷
969 1624 1058 1672 siue
1081 1622 1358 1677 Barhebraei',
1380 1622 1654 1688 professione
1677 1626 1853 1681 medici,
1874 1641 2002 1692 patre
2013 1631 2167 1675 Aaron

228 1689 431 1744 medico,
468 1687 582 1736 segia
605 1691 847 1746 Iacobitae,
885 1710 1021 1755 quem
1040 1695 1282 1739 Primatem
1305 1694 1506 1739 Orientis
1528 1708 1660 1738 vocat
1682 1693 1975 1741 Affemannus
1995 1695 2167 1742 Biblio-

227 1757 382 1803 thecae
403 1757 644 1806 Orientalis
663 1756 720 1806 T'.
739 1776 782 1806 2.
821 1777 919 1824 pag.
935 1776 1044 1822 244.
1115 1761 1451 1825 Compendium
1475 1758 1787 1822 Dynastarum‚
1809 1760 1860 1807 ab
1881 1761 1990 1807 orbe
2012 1762 2166 1808 condi-

228 1838 277 1870 to
299 1824 355 1870 ad
374 1830 426 1871 A.
448 1827 494 1871 C.
527 1834 664 1885 1276.
700 1829 823 1891 quod
848 1828 1019 1875 Aucior
1041 1831 1220 1891 Syriace
1240 1830 1442 1894 primum
1463 1824 1656 1892 scripsit,
1694 1828 1860 1875 deinde
1885 1829 2038 1893 paullo
2063 1845 2166 1877 ante

229 1890 408 1938 obitum
426 1891 615 1940 Arabice
632 1897 790 1949 vertit,
822 1897 889 1958 (v.
911 1893 1229 1944 Affemannum'
1263 1901 1307 1944 B.
1332 1899 1410 1943 Or.
1433 1899 1491 1941 T.
1513 1909 1556 1944 2.
1592 1911 1691 1958 pag.
1716 1896 1850 1956 264)
1895 1895 2087 1944 Arabice
2119 1912 2163 1944 et

176 2004 180 2008 .
222 1960 388 2007 'Latine
410 1959 463 2005 ab
482 1961 642 2008 eodem
665 1961 888 2011 Pocockio
917 1966 961 2011 in
981 1964 1127 2011 lucem
1153 1965 1324 2010 editum
1350 1962 1410 2010 est
1429 1963 1637 2009 Oxoniae
1671 1967 1759 2011 166
1767 1979 1806 2023 3.
1842 1979 1892 2025 4.
1927 1966 2006 2027 qui
2028 1961 2165 2029 speci-

227 2043 334 2074 men
357 2026 582 2075 Historiae
602 2025 804 2078 A'rabum
828 2050 882 2079 ex
905 2031 1065 2079 eodem
1087 2030 1394 2096 Abulpharaio
1418 2047 1520 2077 cum
1545 2030 1783 2077 luculentis
1818 2027 1905 2077 suis
1931 2048 2164 2079 commen·

227 2096 350 2141 tariis
369 2095 580 2151 ediderat,
595 2149 598 2152 ⁴
615 2097 674 2144 ib.
691 2106 751 2147 16
758 2095 830 2157 5‘0.
901 2100 1120 2146 Chronici
1139 2100 1310 2163 Syriaci
1332 2098 1383 2145 ab
1405 2097 1565 2145 eodem
1587 2097 1897 2163 Abulpharaio
1923 2099 2163 2165 compo-firi

226 2163 489 2227 particulam
500 2166 677 2227 Syriace
688 2181 730 2213 et
743 2168 899 2213 Latine
911 2166 1264 2215 Bibl.Or.Tomo
1277 2163 1470 2213 secundo
1482 2182 1523 2229 p.
1530 2181 1555 2229 3
1573 2162 1950 2230 14.seqq.inseruit
1961 2167 2161 2215 laudatus

228 2227 536 2277 Assemannus.
604 2235 674 2279 De
687 2232 1149 2299 hocscriptore‚tanto
1171 2230 1322 2281 minus
1343 2234 1522 2299 prolixe
1534 2235 1622 2280 hoc
1648 2237 1695 2280 in
1718 2235 1818 2281 loco
1841 2235 2065 2296 agendum
2077 2237 2161 2282 mi-

226 2297 278 2345 hi
301 2295 386 2347 esse
402 2299 562 2355 video,
598 2301 721 2365 quod
755 2319 856 2368 pag.
880 2319 953 2366 33.
988 2300 1083 2369 ipse
1111 2318 1243 2366 negat
1270 2299 1313 2350 se
1341 2317 1593 2350 accuratum
1615 2299 1810 2351 studium
1830 2303 1878 2349 in
1897 2316 2162 2369 temporum

2080 2386 2161 2419 no·

250 2551 257 2559 ·
284 2498 321 2523 ‘⁶
351 2499 497 2541 Confer
513 2502 700 2558 Eutychii
717 2505 889 2545 Annales
912 2519 949 2558 p.
962 2515 1056 2559 472.
1071 2515 1161 2559 527.
1177 2515 1268 2559 531.
1291 2502 1364 2558 stq.
1397 2515 1435 2545 et
1462 2502 1673 2545 Eusebium
1691 2502 1965 2545 Renaudotum
1984 2504 2028 2546 in
2046 2503 2159 2546 histo-

228 2564 284 2592 ria
305 2555 604 2599 patriarcharum
622 2559 981 2600 Alexandrinorum
997 2561 1257 2601 Iacobitarurn
1286 2575 1324 2614 p.
1345 2562 1435 2614 346.
1458 2559 1534 2614 seq.
1757 2571 1768 2581 ·

287 2618 323 2646 ²7
364 2618 423 2656 De
446 2620 708 2673 Abulpharaio
733 2626 814 2678 agit
834 2625 936 2664 idem
956 2625 1207 2665 Renaudotus
1230 2627 1359 2665 Tomo
1370 2637 1408 2665 2.
1429 2623 1619 2676 liturgiar.
1641 2622 1886 2663 orientalium
1903 2636 1940 2675 p.
1963 2623 2156 2677 469-472·

229 2679 267 2708 et
288 2669 543 2712 Affemannus
569 2677 663 2715 Bibl.
685 2680 753 2718 Or.
767 2682 893 2727 Tom.
909 2693 946 2720 2.
976 2694 1013 2734 p.
1030 2682 1220 2733 244-463.
1245 2681 1308 2720 vbi
1325 2682 1402 2720 vita
1427 2683 1463 2719 et
1486 2678 1622 2732 scripta
1642 2680 1725 2718 eius
1746 2676 1898 2730 copiose
1918 2688 2156 2721 enarrantur.

229 2723 417 2787 simulque
442 2741 477 2779 p.
492 2739 581 2778 309.
603 2729 640 2768 ss.
676 2732 976 2780 demonstratum
1001 2734 1196 2775 diuersum
1214 2736 1260 2775 ab
1281 2749 1326 2776 eo
1348 2734 1420 2776 effe
1437 2734 1775 2789 Abulpharagium
1793 2732 1998 2772 Abdallam
2017 2732 2156 2772 Ebnat-

228 2779 321 2825 ubo,
342 2781 589 2843 monachum
606 2784 906 2835 Nestoi-imum,
935 2789 1161 2830 defunnurn
1182 2794 1231 2832 A.
1242 2792 1285 2831 C.
1309 2803 1427 2844 1043.
1459 2790 1529 2842 qui
1554 2788 1718 2839 Arabim
1743 2789 1785 2827 in
1805 2789 2004 2841 vtriusque
2027 2785 2155 2828 Testa·

230 2846 352 2875 menn
370 2835 487 2877 libros
513 2850 796 2881 commentatus
818 2842 882 2888 est,
912 2855 950 2883 et
968 2845 1215 2887 Aristotelem
1235 2846 1369 2888 eadem
1387 2846 1524 2898 lingua
1542 2841 1758 2885 illustrauit.
