2263 3027
221 102 322 162 844
524 96 678 153 CAP.
721 95 910 152 XVIII.
1002 88 1277 152 CAPITIS
1311 94 1790 152 ORNAMENTA.

220 221 444 271 Relandus
466 236 592 289 parte
613 237 658 276 2.
680 222 773 273 diff.
804 221 984 274 miscell.
1007 226 1085 291 qui
1105 217 1247 274 'etiam'
1269 226 1324 275 de
1347 226 1521 275 nidario
1544 227 1699 294 capitis
1722 225 1961 274 inuolucro
1981 226 2146 280 disserit

218 308 318 358 pag.
341 304 450 355 204.
529 296 599 341 De
626 293 745 359 pileo
777 294 980 361 phrygio
1009 297 1204 364 Sponius
1236 292 1415 346 miscell.
1440 313 1537 361 pag.
1566 312 1669 354 ¹30·
1691 310 1736 343 et
1762 294 1961 344 Nicasius
1984 299 2043 344 'ad
2065 308 2147 346 nu-

219 377 346 407 mum
367 361 617 408 Pantheum
647 379 745 427 pag.
771 359 847 423 63.Δ
918 367 988 410 De
1019 360 1218 431 apicibus
1243 381 1285 412 et
1307 365 1464 428 galeris
1493 362 1772 412 sacerdotum
1803 364 2041 429 Philippus
2061 364 2150 413 Rut-

217 427 376 475 benius
403 430 458 474 11.
483 443 558 488 25.
592 428 855 478 eleE‘toruin.
939 434 1010 479 De
1037 434 1159 497 apice
1186 430 1379 480 flaminis
1403 433 1664 480 Harduinus
1696 433 1749 479 ad
1774 433 1882 478 Plin.
1906 434 2042 481 XXII.
2071 447 2148 497 23:

218 510 328 545 tom.
352 515 393 553 4.
418 512 460 560 p.
488 512 595 553 209.
665 501 734 546 De
759 497 837 545 vsu
860 497 1083 562 pileorum
1106 501 1224 566 apud
1243 503 1506 548 Corinthios
1530 498 1703 548 Carolus'
1722 503 1771 546 de
1797 501 1940 548 Maets
1959 495 2007 546 in
2026 497 2150 565 sylua

216 562 527 628 quaestionum
556 563 796 628 insignium
827 584 925 632 pag.
950 575 1044 624 236
1065 565 1125 632 sq.
1202 569 1311 616 Pilei
1341 569 1650 633 Corybantum
1680 570 1808 632 (non
1832 567 2069 632 cymbala)
2103 570 2151 616 in

216 649 353 679 manu
376 650 557 694 magnae
578 637 730 681 matris
756 636 907 683 Idaeae
926 651 968 682 et
989 634 1152 694 Attidis
1175 637 1298 683 initia
1319 635 1543 685 referente
1575 638 1692 702 apud
1721 638 2001 700 Pignorium.
2075 638 2152 682 Vi-

216 699 273 757 de
305 703 542 764 Anonymi
573 703 710 765 Angli
739 718 1031 751 commentar.
1063 705 1117 750 de
1147 705 1364 767 cymbalis
1400 711 1493 770 cap'.
1534 720 1589 763 25
1632 719 1674 751 et
1706 712 1781 754 26.
1812 722 1911 775 pag.
1937 719 2030 768 347
2051 702 2147 768 sqq.
2233 703 2238 709 ’

214 770 285 813 De
305 769 435 832 pileis
461 768 652 819 Castoris
675 787 718 819 et
741 773 932 819 Pollucis
956 772 1060 818 vide
1080 789 1192 837 quae
1213 775 1365 821 notaui
1391 774 1445 820 ad
1470 777 1653 820 Sextum
1674 775 1957 837 Empiricum
1977 789 2022 838 p.
2041 780 2152 833 358.
2237 774 2263 801 ³⁸⁴

213 838 285 882 De
306 836 454 900 pileo,
489 837 887 903 instgnilibertatis‚
924 856 1061 901 agunt
1081 841 1209 888 Choul
1241 858 1340 906 pag.
1383 856 1486 889 110.
1519 841 1574 888 de
1610 840 1735 902 relig.
1770 844 1903 887 Rom.
1990 837 2152 887 Daniel
2245 839 2259 893 J

214 904 340 951 Guil.
360 905 585 952 Trillerus
614 924 710 971 pag.
737 915 830 966 538
850 905 911 972 sq.
942 909 997 954 ad
1018 910 1230 971 Hugonis
1261 911 1412 956 Grotii
1434 908 1659 956 Christum
1692 911 1958 973 patientem:
2019 911 2155 960 Ianus
2194 926 2198 929 ’
2247 947 2251 950 .

214 972 356 1017 Gerli,
380 973 625 1020 Milzouius
651 972 1134 1027 dissertationibus·,IV.
1166 975 1361 1023 Hafniae
1392 986 1472 1029 165
1489 993 1526 1035 5.
1548 993 1592 1040 4.
1671 980 1790 1024 Ioan.
1813 976 1972 1024 Burch.
1993 979 2152 1022 Mene·
2245 987 2262 1030 ξ.

214 1038 376 1085 kenius
400 1037 606 1087 dissertat.
639 1043 772 1090 litter.
804 1060 901 1106 pag.
923 1057 980 1092 21
1002 1059 1012 1089 ι
1039 1041 1131 1107 sqq.
1204 1046 1307 1090 Nic.
1336 1044 1794 1105 Hier.'Gundlingius
1818 1062 1917 1109 pag.
1935 1051 2031 1106 465
2057 1041 2151 1107 sqq.

214 1112 287 1155 bet
309 1109 466 1155 flcinen
489 1108 696 1173 bt'nrscbeu
718 1109 964 1173 &cbriftcn-
992 1168 996 1171 .
1032 1114 1069 1157 F
1072 1113 1217 1172 iguras
1237 1108 1442 1174 quasdam
1467 1111 1690 1176 pileorum
1713 1129 1767 1158 ex
1789 1112 2017 1166 veteribus
2039 1109 2153 1172 figil-
2254 1111 2261 1118 ’

213 1173 268 1220 lis
298 1174 480 1221 exhibet
503 1179 771 1223 Heineccius
801 1194 898 1241 pag.
930 1191 1039 1235 209.
1111 1181 1178 1224 De
1207 1184 1344 1225 mitra
1363 1177 1594 1245 pontificali
1624 1177 1740 1242 apud
1771 1178 2046 1226 Christianos
2065 1179 2153 1225 Ed·

212 1242 410 1289 mundus
429 1247 634 1291 Martcne
657 1248 689 1290 Ι.
711 1245 765 1292 de
785 1247 977 1309 antiquis
998 1244 1158 1292 ritibus
1187 1263 1286 1311 pag.
1313 1263 1405 1308 347
1428 1244 1490 1310 sq.
1561 1245 1760 1307 Angelus
1780 1249 1924 1293 Rocca
1946 1246 2153 1308 de'tiarae
2236 1266 2256 1314 ᾧ]

209 1308 492 1375 pontificiae⁷
538 1329 669 1375 quam
701 1331 893 1375 regnum
923 1315 1084 1360 mundi
1113 1315 1253 1376 vulgo
1285 1314 1538 1379 appellant,
1585 1315 1788 1376 origine,
1833 1312 2078 1376 significatu
2109 1328 2153 1361 et
2236 1319 2251 1368 „l

212 1375 318 1432 vsu,
364 1379 410 1424 in
441 1381 535 1426 eius
578 1378 781 1427 thesauro
823 1383 1137 1444 antiquitatum
1169 1381 1435 1430 ecclesiastic.
1464 1385 1635 1429 Romae
1679 1397 1819 1443 1745.
1858 1380 1938 1429 fol.
1975 1398 2085 1429 tom.
2115 1397 2152 1431 ῐ.
2238 1376 2244 1401 ”

208 1461 310 1515 pag.
332 1458 364 1504 7
384 1460 427 1492 et
448 1455 489 1503 8.
562 1449 686 1500 Idem
712 1449 766 1500 de
787 1451 918 1496 mitra
939 1452 977 1496 S.
999 1448 1196 1497 Siluestri
1226 1454 1396 1515 Papae,
1427 1449 1534 1498 ibid.
1559 1465 1667 1497 tom.
1689 1463 1736 1499 2.
1764 1468 1862 1515 pag.
1889 1457 1996 1513 378.
2068 1451 2154 1496 Mi-

210 1528 299 1560 tras
323 1510 596 1582 episcopales
618 1517 727 1563 olim
761 1517 1052 1578 humiliores,
1085 1518 1197 1584 peda
1230 1535 1412 1583 quoque
1445 1518 1654 1565 breuiora
1683 1516 1812 1565 fuiss'e
1839 1534 1892 1564 ex
1925 1516 2154 1565 veteribus
2238 1560 2242 1564 ,

209 1579 364 1643 sigillis
396 1597 440 1629 et
465 1586 614 1631 numis
645 1584 807 1650 probat
833 1587 1105 1633 Heineccius
1132 1604 1233 1652 pag.
1266 1587 1373 1643 1⁴52.
1442 1590 1512 1634 De
1540 1585 1677 1632 bireto
1699 1586 1889 1633 clericali
1909 1587 2152 1650 Pompeius
2235 1591 2246 1645 ξ

211 1646 399 1697 Sarnelli
419 1651 603 1717 epistola
625 1652 903 1701 ecclesiastica
931 1669 984 1710 14
1008 1652 1067 1718 sq.
1146 1656 1369 1703 Adrianus
1388 1657 1594 1721 S'tegerus
1615 1656 1659 1700 in
1693 1655 2075 1701 commentatione
2096 1654 2152 1699 de
2235 1670 2242 1719 3

209 1714 368 1766 infulis
399 1715 541 1768 sacrae
572 1722 799 1782 dignitatis
830 1721 1089 1784 insignibus.
1120 1721 1238 1788 Lips.
1273 1737 1408 1784 1739.
1439 1739 1481 1769 et
1503 1723 1731 1786 Rudolph.
1758 1720 1927 1767 Frider.
1951 1737 1973 1765 a
1995 1719 2151 1766 Wich-
2230 1727 2245 1787 ξ

209 1785 504 1834 manshauseu
531 1788 738 1850 singulari
771 1792 1173 1839 commentantium
1197 1791 1381 1837 Witteb.
1420 1805 1553 1851 ¹745-
1579 1805 1625 1850 4.
1702 1791 1770 1834 De
1810 1789 1977 1833 Biretto
2007 1785 2150 1832 rubro

212 1851 359 1902 dando
384 1855 422 1899 S.
443 1858 492 1901 R.
515 1858 563 1902 E.
586 1857 895 1904 Cardinalibus
920 1858 1195 1920 regularibus
1219 1853 1441 1920 Responsa
1469 1856 1742 1920 prudentum
1769 1855 1914 1900 diuini
1947 1855 2152 1901 humani*
2218 1874 2240 1921 ,ἦ

209 1935 299 1986 que
322 1921 429 1967 iuris
451 1922 632 1968 colle-{la
657 1925 797 1970 edidit
818 1930 1042 1973 Antonius
1063 1929 1259 1990 Scappus
1301 1927 1469 1970 Romae
1494 1937 1634 1984 1592.
1656 1937 1700 1984 4.
1768 1925 1837 1967 De
1860 1921 1983 1988 pileo
2015 1925 2054 1969 S.
2075 1924 2150 1968 Pe·
2223 1920 2230 1971 ἑ
2262 1973 2263 1986 ¹

213 1986 391 2038 trivide
415 1987 519 2035 Αξὶιῑ
548 1987 732 2037 Ξαηᾶοι·
773 2007 881 2039 tom.
914 2010 949 2038 1.
973 1994 1090 2039 Iunii
1114 2009 1189 2051 29.
1219 2009 1317 2055 pag.
1339 2000 1450 2046 462.
2078 2023 2081 2025 -
2220 1999 2229 2057 3

352 2060 422 2103 De
441 2056 661 2106 frattribus
681 2072 886 2106 veterum
909 2058 1209 2123 Lindebrogius
1237 2076 1334 2123 pag.
1369 2075 1423 2120 ¹4
1439 2073 1503 2118 «4.
1525 2057 1575 2103 ad
1598 2057 1736 2103 codic..
1760 2055 1910 2117 legum
1934 2055 2151 2116 antiquar.

209 2125 415 2173 Bonauni
449 2141 547 2189 pag.
580 2135 684 2183 157.
724 2123 862 2172 musei
894 2128 1173 2172 Kircheriani
1193 2159 1206 2182 ‚
1255 2142 1297 2172 et
1327 2124 1535 2187 singulari
1568 2124 1685 2170 libro
1708 2120 1834 2188 Casp.
1864 2123 2149 2171 Bartliolinus
2219 2136 2227 2192 μ’,

208 2193 349 2241 Amst.
380 2197 516 2251 1676.
550 2209 618 2238 ια.
650 2209 755 2256 quas
787 2190 966 2257 respicit
995 2197 1126 2241 etiam
1160 2194 1327 2239 Plinius
1359 2195 1532 2239 aurium
1567 2193 1754 2238 vulnera
1786 2206 2150 2238 commemorans

211 2261 287 2309 lib.
318 2275 390 2312 12.
411 2255 489 2306 sub
520 2261 711 2322 initium.
780 2263 849 2307 De
879 2260 997 2308 binis
1019 2277 1060 2308 et
1093 2263 1230 2307 ternis
1260 2260 1504 2307 vnionibus
1534 2259 1587 2306 ad
1615 2259 1800 2321 lingulas
1824 2276 1948 2305 aures
1975 2274 2152 2320 compa·

209 2332 316 2378 ratis
338 2331 443 2375 vide
467 2326 665 2392 Lipfium
695 2329 748 2375 acl
769 2332 923 2377 Senec.
949 2332 1051 2380 VII.
1073 2345 1117 2388 9.
1141 2328 1195 2374 de
1224 2327 1462 2376 beneficiis.
1515 2331 1603 2373 De
1624 2328 2025 2391 Duffisnaeqmices,
2062 2323 2150 2371 flue
2181 2372 2184 2376 .
2241 2324 2249 2361 .'

208 2400 372 2445 annulis
393 2400 564 2443 narium
589 2394 783 2460 disputat
805 2399 1000 2444 Huetius
1026 2399 1071 2443 in
1102 2399 1366 2455 Humi-anis,
1400 2398 1606 2443 Thomas
1638 2394 1921 2442 Bartholinus
1955 2409 2043 2456 cap.
2080 2406 2150 2450 19.
2253 2441 2256 2448 ,

210 2466 327 2510 libi-o
353 2466 405 2511 de
429 2462 598 2510 morbis
627 2464 826 2517 biblicis3
865 2479 908 2512 et
935 2467 984 2511 in
1014 2461 1214 2511 mantissa
1242 2465 1294 2510 ad
1320 2462 1443 2528 Casp.
1474 2463 1783 2510 Bartholiuum
1814 2461 1870 2510 de
1906 2458 2150 2507 inauribus.

210 2534 455 2597 Stephanus
479 2535 584 2577 item
609 2534 818 2579 Morinus
850 2533 905 2579 de
925 2531 1171 2579 monilibus
1195 2532 1443 2586 Rebeccae,
1492 2532 1536 2576 in·
1567 2533 1658 2576 eius
1691 2529 2002 2593 explanatione
2033 2528 2152 2573 loco·
2211 2543 2215 2549 ·
2250 2576 2252 2580 ,

208 2616 311 2647 rum
337 2600 504 2661 aliquot
525 2602 564 2648 S.
589 2603 852 2664 Scripturae.
878 2600 1022 2662 Lugd.
1045 2604 1131 2646 Bat.
1163 2605 1302 2661 1693.
1327 2609 1367 2655 g.
1438 2595 1646 2647 Eiusdem
1669 2598 1791 2643 Tho.
1816 2594 2066 2645 Bartholini
2096 2595 2150 2640 de
2207 2627 2211 2629 Α
2249 2588 2252 2639 ἶ

211 2669 389 2711 armillis
411 2681 614 2713 veterum
642 2667 818 2714 libellus
843 2667 1001 2724 exstat,
1038 2666 1175 2714 Amst.
1204 2671 1337 2725 2676.
1359 2681 1428 2715 12.
1451 2668 1519 2712 cui
1542 2664 1768 2713 addendus
1791 2667 1980 2712 Fortun.
1997 2664 2150 2711 Seli-ac·
2248 2660 2251 2683 ¹

124 2784 131 2792 ‚
211 2734 319 2779 chus
339 2731 413 2781 lib.
444 2744 487 2795 3.
510 2736 786 2797 myrothecii
807 2752 900 2801 cap.
921 2751 999 2798 ιμ’.
1068 2735 1307 2801 Philippus
1331 2734 1561 2785 Rubenius
1590 2731 1667 2780 lib.
1695 2749 1730 2782 ι.
1759 2747 1854 2796 cap.
1888 2739 1964 2793 38.
1993 2712 2157 2778 61εὲὶοῖ
2202 2767 2204 2769 »
2246 2698 2249 2713 ⁴

2033 2813 2151 2844 rum.
