2263 3027
774 48 871 101 ET
910 49 1375 107 GRAECORVM.
1732 60 1884 113 m*-
1955 77 2051 128 ρας

105 173 179 224 vel
215 175 400 222 nomina
427 176 477 221 in
505 175 633 222 aliam
663 189 793 238 atque
825 173 1099 236 ingeniosam
1135 176 1501 240 significationem
1535 178 1802 236 deflefiunn
1837 197 1889 230 vt
1920 185 2054 232 variis

105 247 326 308 exemplis
347 243 646 289 demonstraui
668 245 712 289 in
734 243 884 288 eadem
913 243 1017 292 ssibl.
1041 248 1206 292 Graeca
1238 247 1312 295 lib.
1345 265 1378 295 i.
1412 265 1444 293 c.
1469 264 1542 306 29.
1574 255 1609 306 §1
1633 259 1676 305 8.
1753 255 1878 313 Quae
1901 255 2053 299 omnia

107 329 200 360 non
222 309 401 375 poss'unt
423 328 515 357 non
537 311 806 375 multiplices
827 308 1104 358 difficultates
1125 311 1364 360 le&0ribus
1386 315 1598 368 obiicere,
1621 321 1891 381 et'quasdam
1917 322 2051 368 etiam

39 400 43 401 ⁷
105 384 185 426 vix
207 397 253 426 ac
278 397 334 425 ne
356 380 433 424 vix
456 379 637 441 quidem
658 377 949 424 extricabiles.
1023 378 1236 444 Iosephus
1259 398 1440 445 quoque
1461 383 1623 430 Medus
1643 385 1689 430 in
1710 383 1973 447 fragmentis
1993 385 2051 434 sa-

106 450 191 494 cris
213 464 321 493 tom.
353 462 423 494 10.
442 444 746 493 fascieCrenii
768 463 808 509 p.
829 464 847 493 z
865 462 933 492 2³2.
959 450 1131 492 notauit
1155 449 1387 495 mirificam
1412 450 1706 498 diuerfitatem
1730 453 2048 502 innominibus

105 517 280 575 Regum
304 512 602 578 Assyriorum,
635 529 744 576 quae
774 515 818 558 in
849 511 978 559 sacris
1008 529 1049 561 et
1072 513 1273 578 profanis
1304 515 1595 580 scriptoribus
1621 518 1902 575 obseruatur,
1940 523 2047 570 inde

104 587 330 643 originem
353 585 534 630 ducere,
572 583 693 643 quod
721 582 914 628 diuersae
934 598 1088 643 gentes
1114 581 1307 646 Assyrii,
1336 585 1596 648 Babylonii,
1620 585 1792 642 Persae,
1824 591 2048 637 Aramitae

103 650 351 697 habitantes
372 666 514 713 prope
533 650 832 712 Euphratem,
874 651 1113 713 Aegyptii,
1151 654 1314 697 Graeci
1345 668 1426 700 etc.
1451 670 1741 719 vnaquaeque
1764 673 1933 704 nomen
1960 661 2048 705 Re-

103 721 170 780 gis
196 736 316 764 varie
338 719 720 781 pronuntiationis
743 714 841 762 suae
860 719 1045 778 ingenio
1060 714 1249 782 suaeque
1269 719 1444 780 linguae
1459 723 1861 771 accommodarent.
1900 728 2047 773 Etiam

102 788 283 851 pridem
313 779 730 847 notauit-Iosephus
762 786 955 845 Scaliger
990 789 1168 831 Nomina
1190 793 1372 852 pgjopria
1407 801 1662 835 exterarum
1678 798 1872 854 gentium
1901 797 2047 840 alienis

101 852 287 918 apicibus
315 853 473 897 additis
504 856 569 897 ita
596 852 928 914 transformari,
964 865 1012 898 vt
1034 850 1084 897 ab
1106 854 1194 918 ipsis
1205 848 1403 917 gentibus
1427 857 1587 919 agnosbi
1605 875 1686 903 non
1704 860 1870 924 pcffi'nt,
1912 878 2047 925 quam

102 922 149 967 iti
171 920 416 984 rem'plura
436 915 628 983 disputat
647 920 850 965 Thomas
874 918 1100 965 Reinefius
1121 923 1166 966 in
1187 921 1372 968 diatriba
1396 922 1451 968 de
1471 923 1621 985 lingua
1643 928 1815 972 Punica.
1852 931 2049 993 Scripto-

100 1005 170 1036 res
202 991 278 1051 qui
306 979 521 1033 Nomina*
540 989 725 1051 Propria
754 986 976 1033 Hebraica
1007 989 1055 1033 in
1074 985 1203 1035 sacris
1224 990 1383 1036 litteris
1404 990 1683 1052 collegerunt
1703 1007 1746 1039 et
1770 995 2048 1059 interpretati

82 1053 198 1116 “sunt
226 1056 466 1116 diligenter
488 1051 659 1101 referre
679 1053 867 1100 instituit
887 1053 1216 1102 Celeberrimus
1238 1060 1303 1105 10.
1326 1056 1582 1122 Christoph.
1598 1057 1844 1119 Wolf-insin
1868 1070 2047 1129 Appen-

98 1124 196 1172 dice
219 1123 273 1170 ad
296 1122 544 1170 Historiam
569 1125 840 1169 Lexicorum
856 1121 1170 1169 Hebraeorum
1183 1141 1225 1188 p.
1240 1134 1350 1180 228.
1371 1125 1683 1186 etdiligentius
1704 1129 1751 1173 in
1773 1128 2046 1179 bibliotheca

98 1192 308 1239 Hebraea
342 1191 433 1237 vol.
459 1204 499 1238 2.
530 1206 573 1253 p.
610 1200 713 1244 565.
736 1187 828 1253 sqq.
859 1205 901 1235 et
922 1190 1012 1239 vol.
1036 1207 1079 1250 4.
1108 1207 1153 1255 p.
1185 1198 1292 1252 248,
1331 1208 1373 1238 et
1394 1195 1458 1241 10.
1479 1195 1701 1240 Mollerus
1722 1199 2046 1262 Homonymo-

34 1300 36 1302 ,
95 1257 273 1321 stupae
294 1275 334 1320 p.
355 1253 500 1318 39.sq.
541 1257 627 1302 His
659 1257 761 1302 addi
789 1255 970 1320 poffunt
999 1273 1109 1320 quae
1141 1275 1194 1304 ex
1227 1262 1352 1305 MSS.
1373 1262 1555 1306 Graecis
1585 1263 1826 1310 Codicibus
1855 1280 1963 1315 tom.
1989 1271 2045 1313 11.

98 1326 383 1387 Hieronymi
405 1321 472 1368 sui
504 1323 557 1368 ad
588 1323 754 1370 librum
786 1325 840 1370 de
863 1324 1143 1371 Nominibus
1165 1324 1402 1373 Hebraicis
1424 1328 1615 1391 protulit
1637 1334 1697 1375 lo.
1721 1334 2041 1392 Marci-amiens«,

102 1411 213 1457 quae
247 1392 404 1438 melius
438 1391 582 1452 digeri
624 1406 754 1454 atque
784 1393 1013 1451 emendari
1044 1391 1339 1457 illustrarique
1367 1393 1419 1440 ab
1462 1396 1611 1459 aliquo
1647 1400 1748 1443 viro
1784 1399 1918 1447 doeio
1942 1401 2043 1449 ess'et

99 1477 263 1527 operae
280 1460 499 1524 pretium:
539 1473 589 1504 vt
608 1461 865 1507 omittamus
889 1460 1107 1508 Matthaei
1117 1463 1333 1526 Aurogalli
1354 1461 1518 1508 librum
1540 1464 1594 1510 de
1608 1464 1826 1513 Hebraeis
1846 1469 2043 1525 vrbium,

99 1532 340 1590 regionum
356 1559 367 1580 ,
403 1526 704 1590 populorum,
734 1526 1003 1587 fluminum,
1029 1531 1254 1576 montium
1277 1544 1319 1576 et
1338 1530 1528 1576 aliorum
1552 1531 1756 1579 locorum
1781 1537 2043 1585 nominibus

99 1614 125 1643 e
151 1602 203 1642 V.
228 1600 284 1641 T.
311 1593 569 1655 congestum
591 1593 754 1641 Witeb.
775 1603 910 1657 1526.
930 1610 974 1643 et
995 1593 1239 1643 auffiorein
1265 1594 1351 1643 Bas.
1387 1613 1507 1658 1539
1550 1606 1592 1654 8.
1631 1601 1818 1649 Dauidis
1839 1604 2043 1666 Chytraei

94 1661 422 1715 Onomasticon
445 1662 781 1723 Theologicum
808 1669 858 1709 A.
883 1663 1018 1723 1557·
1042 1683 1058 1709 1
1074 1673 1165 1723 578
1206 1680 1247 1711 et
1269 1664 1431 1712 Witeb.
1460 1676 1597 1723 1585.
1622 1676 1660 1722 8.
1698 1668 1872 1733 SpeRat
1893 1686 1935 1718 et
1955 1673 2042 1720 huc

96 1734 268 1780 Paullus
294 1730 468 1775 Crellius
496 1731 540 1774 in
564 1730 907 1777 Concordantiis
935 1730 1124 1777 realibus
1155 1736 1319 1790 a,Dan.
1356 1732 1540 1780 Feffelio
1574 1733 1732 1789 anelis,
1772 1742 2042 1789 Germanice

97 1797 177 1848 fol.
197 1795 517 1846 Onomasticon
545 1799 782 1843 nominum
808 1799 1105 1863 propriorum
1130 1799 1271 1846 Hebr.
1290 1815 1334 1846 et
1355 1804 1565 1847 Graecor.
1588 1804 1710 1866 quod
1732 1804 1866 1853 exstat
1885 1809 1937 1854 ad
1957 1809 2043 1855 cal-

98 1884 198 1915 cem
231 1880 340 1912 tom.
368 1868 446 1911 VI.
480 1865 729 1912 Bibliorum
757 1869 1020 1930 Polyglotton
1054 1869 1294 1929 Londinens
1321 1872 1549 1916 Marianus
1581 1875 1818 1919 Brixianus
1848 1876 1895 1921 in
1928 1882 2041 1924 Arca

100 1939 233 1982 Noae
252 1947 336 1980 etc.
367 1947 409 1978 et
433 1935 510 1996 qni
542 1934 588 1978 in
616 1933 704 1979 hoc
735 1950 899 1994 genere
931 1931 1126 1980 versatus
1155 1952 1285 1997 quam
1320 1935 1649 1997 diligentissime
1670 1939 1752 1995 est,
1792 1944 2039 2004 praeclarus

100 2005 186 2052 vir
213 1999 460 2048 Matthaeus
472 2002 658 2047 Hillerus
669 1998 1264 2062 ProfeffiirTuhingenfisin
1281 2002 1567 2051 Onomastico
1580 2003 1700 2053 sacro
1713 2010 1829 2054 Tub.
1850 2028 1858 2054 i
1876 2021 1967 2067 7'06
1993 2018 2038 2075 4.

53 2101 67 2111 ,
101 2087 145 2120 et
173 2072 218 2115 in
233 2069 368 2114 altero
384 2068 505 2128 quod
528 2067 678 2113 Bibliis
702 2071 921 2131 pent-apli&
937 2072 1205 2116 Germanice
1221 2077 1270 2117 A.
1294 2084 1488 2132 1712.4.
1511 2073 1676 2119 excusis
1699 2074 1758 2120 est
1778 2073 2039 2137 subiefitusm

97 2135 426 2196 vnou'iffimeque
439 2134 519 2178 Vir
531 2134 849 2182 celeberrimus
869 2140 980 2183 Ioan.
1011 2140 1153 2185 Simon
1180 2140 1226 2185 in
1248 2139 1536 2185 Ono'mastico
1552 2145 1671 2187 V.T.
1694 2145 1833 2191 Halae
1854 2162 1943 2210 ¹74
1957 2166 1966 2195 i
1981 2165 2038 2205 .4.

0 2211 24 2264 j
97 2206 324 2267 euulgatO.
1580 2240 1584 2241 ν

249 2272 392 2318 XVII.
432 2271 499 2314 De
522 2270 704 2315 Graecis
723 2270 950 2317 veteribus
971 2271 1161 2336 perinde
1185 2285 1234 2316 vt
1256 2271 1310 2317 de
1332 2271 1552 2320 Hebraeis
1573 2272 1793 2324 affirmare
1813 2279 1916 2327 licet
1936 2270 2039 2330 fini-

103 2341 213 2407 plici
233 2337 330 2386 fere
356 2341 542 2383 nomine
566 2354 640 2386 eos
663 2334 762 2383 vsos
788 2337 929 2391 fuisse,
970 2355 1011 2386 et
1031 2341 1280 2398 genitiuum
1306 2340 1573 2404 plerumque
1595 2359 1790 2406 parentis
1812 2349 2042 2406 addidisse,

101 2425 151 2457 vt
162 2405 458 2468 Thucydides
472 2404 601 2450 Olori
627 2420 670 2451 et
688 2403 854 2452 similia.
910 2404 1081 2455 Confer
1095 2409 1166 2452 Ez.
1180 2408 1488 2469 Spanliein,VI
1523 2410 1576 2455 de
1592 2410 1796 2460 numism,
1811 2433 1850 2478 p·
1869 2431 1891 2474 5
1906 2434 1922 2464 1
1936 2436 1958 2464 2
1978 2417 2038 2484 sq‘

104 2483 164 2525 At
187 2492 280 2521 non
299 2471 474 2537 semper
494 2475 717 2533 genitiuus
738 2474 910 2519 additus
941 2491 1170 2536 parentem
1194 2473 1417 2535 fignificat,
1437 2473 1511 2523 sed
1541 2479 1767 2527 interdum
1788 2483 1904 2530 aliud
1927 2489 2038 2548 quid

103 2542 472 2603 subintelligitur,
503 2559 543 2588 v.
567 2558 607 2602 g.
653 2541 818 2586 Clinias
854 2542 1094 2589 Alcibiadis
1127 2540 1211 2589 scil.
1234 2546 1372 2588 Pater.
1396 2544 1634 2608 Olympias
1669 2550 2036 2611 Alexandri5scil,

21 2653 29 2657 i
103 2627 258 2658 mater.
300 2607 514 2655 He&oris
550 2608 887 2661 Andromache,
923 2607 1013 2658 scil.
1048 2627 1178 2656 vxor.
1218 2607 1430 2657 Eusebius
1471 2615 1693 2679 Pamphili
1733 2615 1819 2664 scil.
1855 2625 2035 2671 amicus,

100 2678 364 2731 Parthenius
385 2674 593 2743 Dionysii
622 2673 711 2723 scil.
741 2673 995 2742 discipulus.
1039 2675 1210 2724 Conser
1234 2675 1427 2727 ionfium
1450 2697 1497 2746 p.
1521 2699 1592 2742 14.
1666 2686 1956 2736 B.Hanl<ium
1980 2691 2036 2740 de

173 2742 284 2794 Vol.
325 2759 368 2790 2.
1092 2749 1125 2792 P
1162 2762 1195 2810 p
1602 2820 1606 2821 ⁷
1845 2753 2034 2824 scripto-
