2263 3027
214 69 311 138 'aaa
533 77 673 130 cap.
710 75 840 128 x1x.
917 72 1144 126 vavs
1178 72 1257 125 IN
1292 70 1457 127 cmo
1493 37 1589 122 m-
1625 70 1837 133 porv..
1898 64 1900 66 ·

203 219 261 254 -te
282 201 464 252 mensali
494 216 700 249 veterum
728 203 1010 248 Graecorum
1039 196 1198 247 confer
1224 199 1458 264 Gedoynii
1486 213 1624 263 opera
1641 186 1810 260 'gallice
1839 166 1954 246 edita
1982 196 2150 247 Parisiis

220 287 362 338 1745-
387 281 535 335 &pag
561 284 668 329 233·
691 266 787 333 sqq·

360 339 491 388 Vlll.
534 342 602 385 De
620 339 729 384 luxu
748 340 1030 384 Graecorum
1051 335 1298 401 Stephanus
1316 336 1467 398 Niger
1491 335 1579 381 iam
1610 330 1741 397 supra
1774 334 1905 382 nobis
1936 351 2154 384 memora-
2248 394 2250 396 v

211 422 304 462 ωε,
338 422 467 455 tomo
483 406 615 456 VIll.
637 409 848 453 Gronov.
915 408 986 452 De
1005 408 1317 453 Romanorum
1343 404 1452 450 luxu
1472 405 1519 450 in
1539 399 1685 449 mensa
1706 402 1955 451 &vestibus
1977 403 2152 469 Lipsius

211 479 291 523 IV.
316 491 359 538 7.
382 491 425 523 et
447 492 490 535 9.
511 474 566 521 de
587 472 899 536 magnitudine
919 475 1142 528 Romana,
1181 475 1245 520 Io.
1266 471 1452 520 Meurfii
1470 474 1614 518 Roma
1637 471 1866 518 luxurians
1895 473 2039 534 Lugd.
2063 477 2149 519 Bat.

214 551 361 602 1605.
388 559 434 603 4.
475 558 517 590 et
546 539 718 589 auffior
747 539 943 589 Hafniae
973 549 1108 602 1631.
1137 557 1183 604 4.
1218 555 1260 588 et
1290 556 1402 586 tom.
1423 543 1548 586 VIII.
1574 542 1741 586 Graev.
1810 540 2046 587 Stanislaus
2065 544 2149 587 Ko-

212 610 503 674 bierzyckius
534 611 588 657 de
612 611 720 656 luxu
742 613 1073 662 Rornanorum,
1112 609 1305 655 Louanii
1335 615 1477 663 1628.
1492 624 1536 664 4.
1572 623 1613 652 et
1634 609 1678 653 in
1702 607 1863 654 eodem
1885 623 2012 655 torno
2026 610 2149 657 VIII.

211 682 377 726 Graev.
449 678 666 724 Nadalius
689 677 744 724 de
763 678 872 723 luxu
903 674 1177 724 feminarum
1208 679 1524 722 Romanarum.
1545 674 1738 728 Gallice,
1759 672 1888 722 Paris.
1908 689 2046 734 1725.
2079 690 2150 728 12,
2241 719 2263 725 „.

209 763 314 793 cum
345 748 438 793 eius
468 743 634 794 differt.
657 745 712 792 de
743 734 1002 791 Vestalibus.
1079 748 1144 790 La
1174 747 1304 790 Mare
1332 740 1460 789 traite'
1488 743 1546 789 de
1575 743 1614 788 Ia
1643 743 1792 789 Police
1819 746 1878 789 T.
1899 760 1935 792 ι.
1961 742 2083 790 libro
2109 758 2151 804 3.

207 814 524 877 Bibliotheque
544 809 774 860 raisonnee
791 817 849 858 T.
863 828 905 868 4.
932 829 974 876 p.
989 826 1064 871 ες.
1083 809 1147 874 sq.
1168 809 1247 857 vbi
1268 813 1400 857 etiam
1425 811 1479 857 de
1499 810 1670 872 legibus
1690 807 1964 865 summariis,
1996 809 2150 858 vestia-

207 883 286 928 riis
309 898 390 929 etc.
458 883 684 943 Georgius
708 879 962 929 Hackewill
982 879 1159 926 erudito
1183 896 1323 943 opere
1344 879 1532 940 Anglice
1553 879 1675 925 edito
1698 880 1844 925 Lond.
1863 886 2001 938 1635.
2023 876 2055 929 f.
2078 879 2150 925 cui
2186 886 2187 889 ’

206 950 386 995 titulus:
421 950 648 1012 Apologia
662 964 747 1012 pro
769 949 969 1012 potentia
991 947 1367 1012 prouidentiaque
1389 948 1488 991 Dei.
1555 948 1646 992 Hic
1669 944 1786 993 libro
1801 947 1982 1007 IV.agit
1997 947 2048 992 de
2061 949 2150 993 Ro·
2184 968 2186 970 ’
2234 997 2239 1015 ἦ

205 1032 446 1063 manorum
478 1014 730 1077 gulositate,
765 1032 862 1079 pag.
877 1031 1128 1076 407·439.
1166 1016 1232 1060 vti
1254 1014 1309 1059 de
1340 1013 1451 1058 luxu
1480 1014 1528 1058 in
1556 1010 1768 1060 aedificiis
1798 1031 1845 1060 ac
1874 1011 2148 1078 supellegiile

204 1100 305 1148 pag.
322 1099 414 1146 441
433 1092 575 1139 -461,
597 1085 644 1128 in
666 1098 826 1128 ornatu
855 1097 898 1127 et
920 1080 1115 1127 vestibus
1145 1090 1366 1145 pag.461.
1391 1076 1452 1142 sq.
1521 1079 1728 1125 Pluribus
1757 1083 1889 1135 etiam
1916 1082 2074 1128 eodem
2097 1082 2147 1127 li-

204 1151 289 1197 bro
313 1149 596 1215 persequitur
616 1153 926 1195 Romanorum
945 1148 1257 1199 ,crudelitatem
1279 1164 1378 1212 pag.
1395 1163 1502 1208 371.
1527 1144 1615 1210 seq.
1640 1149 1869 1194 auaritiam
1888 1164 1931 1212 p.
1949 1164 2057 1209 397.
2084 1165 2147 1195 ar·
2230 1174 2238 1177 ⁷

203 1220 455 1280 rogantiam
490 1227 658 1282 p.480.
688 1216 991 1262 adulationem
1018 1233 1060 1280 p.
1074 1231 1189 1278 477.
1217 1231 1260 1262 et
1286 1216 1449 1276 ingrati
1479 1216 1619 1260 animi
1641 1217 1804 1262 vitium
1831 1232 1875 1280 p.
1895 1225 2007 1275 483.
2078 1220 2148 1263 De

202 1287 312 1332 luxu
339 1289 383 1332 in
413 1287 642 1333 conuiuiis
660 1283 843 1346 insignis
866 1284 989 1330 locus
1011 1282 1074 1330 est
1092 1284 1211 1347 apud
1234 1283 1473 1329 Philonem
1496 1283 1551 1329 de
1572 1285 1663 1329 vita
1685 1285 2031 1348 contempl-atina
2043 1284 2169 1332 Vol.»

201 1356 259 1400 Π.
279 1370 322 1417 p.
344 1360 458 1415 478.
482 1350 543 1416 sq.
579 1353 682 1400 edit.
706 1350 1038 1400 recentiffiinae.
1113 1354 1184 1397 De
1215 1351 1429 1399 Antiochi
1454 1351 1708 1415 Epiphanis
1735 1352 1844 1397 luxu
1877 1352 1981 1398 vide
2012 1352 2151 1399 Athe·

200 1438 363 1468 naeum
387 1425 441 1467 V.
471 1437 516 1485 p.
534 1436 640 1481 194.
663 1417 724 1484 sq.
762 1435 805 1467 et
836 1422 891 1466 X.
918 1437 961 1484 p.
982 1434 1095 1480 439.
1127 1436 1152 1466 e
1174 1417 1356 1483 Polybii
1386 1417 1505 1464 libro
1526 1422 1688 1465 XXVI.
1743 1422 1949 1465 Por-antes
1970 1421 2018 1466 in
2037 1416 2148 1466 rosa.

199 1489 318 1535 Vide
344 1489 469 1534 viros
497 1488 656 1535 doE'tos
675 1488 728 1534 ad
750 1489 1017 1536 Ciceronem
1032 1490 1086 1533 II.
1101 1500 1178 1537 20.
1200 1487 1256 1533 de
1273 1484 1437 1532 finibus
1461 1501 1503 1532 et
1523 1487 1571 1533 in
1586 1490 1779 1533 Verrem
1791 1490 1845 1534 V.
1868 1503 1938 1537 ιο.
1961 1502 2004 1536 et
2026 1490 2148 1534 Mar·

199 1556 350 1603 tialem
363 1559 486 1603 VIII.
516 1571 595 1618 77.
664 1557 801 1603 Comi
830 1571 873 1602 et
913 1553 1289 1611 Comeffationes,
1329 1551 1557 1619 psaltriae,
1602 1551 1831 1611 fidicines,
1864 1569 1944 1601 etc.
2026 1554 2144 1601 Vide

195 1626 355 1687 Erycii
376 1626 560 1671 Puteani
583 1627 779 1670 Comum
794 1658 804 1677 ,
841 1622 1062 1669 Desiderii
1080 1623 1269 1670 Heraldi
1291 1620 1699 1669 animaduersiones
1724 1623 1769 1668 in
1799 1620 2052 1669 Salmafium
2067 1625 2145 1668 VI.

195 1704 243 1751 7.
264 1700 436 1755 p.428.
459 1689 520 1756 sq.
561 1705 605 1739 et
635 1691 811 1739 Christi.
833 1692 976 1739 Gottl.
1007 1691 1252 1738 Schwarzii
1277 1688 1438 1737 differt.
1457 1691 1513 1737 de
1542 1687 1925 1736 comissationibus
1948 1692 2141 1735 Graeco-

194 1774 297 1804 rum
324 1773 368 1805 et
394 1763 719 1817 Romanorum‘
745 1757 923 1807 Altorfii
949 1773 1089 1821 1744.
1169 1762 1269 1805 Nec
1302 1773 1479 1804 tantum
1506 1755 1716 1822 saporum
1750 1757 2035 1818 odorumque
2063 1753 2142 1803 sed

195 1825 402 1871 colorum
426 1828 557 1873 etiam
583 1829 795 1874 varietate
814 1843 858 1874 et
885 1825 1066 1873 mistura
1087 1826 1263 1872 delicias
1295 1826 1406 1871 olim
1434 1827 1484 1871 in
1513 1825 1622 1872 cibis
1662 1820 1844 1887 captasse
1877 1824 2138 1878 helluones,

193 1908 319 1939 notat
339 1896 379 1940 S.
397 1894 535 1939 Nilus
556 1897 811 1941 narratione
838 1912 875 1951 3.
898 1911 995 1958 pag.
1015 1912 1035 1951 3
1051 1912 1090 1941 1.
1116 1890 1173 1955 sq.
1202 1893 1303 1939 edit.
1328 1889 1506 1938 Possini..
1571 1892 1685 1937 Auri
1712 1891 1899 1955 pulnere
1931 1889 2140 1954 consper-

193 1956 256 2006 sas
278 1960 412 2024 dapes
434 1958 638 2007 obseruat
657 1962 925 2025 Stephanius
948 1961 1001 2006 ad
1033 1963 1258 2006 Saxonem
1292 1958 1647 2016 Grammaticum
1669 1974 1711 2022 p.
1733 1974 1810 2017 70.
1832 1955 1891 2021 sq.
1963 1961 1999 2004 E
2021 1956 2138 2005 fistu·
2224 1993 2231 1997 -

192 2028 246 2073 'lis
268 2042 310 2073 et
333 2025 726 2074 fonticulis-imber
748 2029 891 2073 veluti
912 2028 1093 2089 quidam
1115 2026 1325 2071 odoratus
1346 2027 1579 2087 vnguenti‚
1601 2041 1642 2071 et
1664 2027 1760 2070 vini
1777 2020 1948 2089 sparsus
1973 2026 2139 2089 dequo

191 2093 373 2159 Iosephi
396 2097 621 2149 Lanzoni,
657 2095 829 2141 Medici
858 2091 1167 2146 Ferrariensis,
1188 2091 1384 2157 Epistola
1417 2098 1532 2138 circa
1551 2093 1653 2155 l'ufii
1681 2098 1820 2139 antico
1849 2095 1949 2138 delle
1956 2094 2137 2157 fontane

188 2164 287 2209 nelli
305 2168 463 2208 convici
490 2165 599 2210 &nei
624 2165 797 2215 Teatri‚
837 2176 947 2207 tom.
969 2176 1007 2221 3.
1045 2157 1194 2206 Musei
1223 2163 1458 2207 Mineruae
1484 2165 1680 2207 Venetae
1709 2177 1755 2225 p.
1773 2170 1846 2215 86.
1869 2158 1933 2223 iq.
2007 2163 2137 2209 Eius·

191 2229 292 2276 dem
316 2232 521 2276 Lanzoni
542 2229 657 2276 liber
682 2230 826 2276 editus
851 2229 1000 2275 Italice
1022 2226 1126 2276 dell'
1139 2225 1216 2274 uso
1241 2227 1356 2275 delle
1388 2229 1624 2289 ghirlande
1645 2245 1668 2275 e
1700 2227 1806 2274 delli
1824 2231 2044 2290 unguenti
2065 2230 2133 2277 ne‘

188 2299 376 2344 convivi
396 2297 515 2359 degli
538 2298 729 2350 antichi,
767 2298 1023 2344 Ferraricae
1045 2303 1184 2354 1698,
1207 2313 1260 2343 ex
1281 2296 1428 2342 italico
1452 2296 1587 2343 latine
1610 2292 1761 2343 versus
1783 2310 1827 2342 et
1843 2297 1962 2341 notis
1981 2295 2133 2343 auCtus

188 2363 249 2411 est
272 2364 324 2411 ab
345 2367 642 2429 Hieronymo
665 2362 942 2416 Baruffaldo,
981 2365 1059 2428 qui
1078 2361 1348 2410 schediasma
1367 2365 1421 2410 de
1450 2365 1605 2411 cultris
1635 2380 1678 2410 et
1702 2363 1797 2409 aliis
1824 2365 1958 2409 armis
1979 2364 2133 2409 conui-
2227 2381 2230 2384 ·

185 2432 359 2479 ualibus
387 2448 595 2480 veterum
629 2433 856 2496 eleffiaq-ue
878 2432 1129 2479 conuiualia
1161 2431 1346 2477 addidit.
1380 2426 1634 2479 Ferraricae
1661 2446 1800 2491 1715.
1824 2441 1866 2488 8.
1905 2445 1947 2477 et
1968 2431 2131 2479 deinde

187 2497 375 2546 insertus
397 2505 454 2548 T.
472 2504 549 2547 III.
571 2498 769 2548 thesauri
789 2500 1092 2561 Sallengriani.
1165 2499 1336 2547 Confer
1365 2517 1547 2564 quoque
1569 2501 1624 2550 de
1655 2500 1839 2546 coronis
1864 2495 2132 2545 mensalibus
2162 2507 2168 2518 '‘
2221 2539 2223 2542 .

184 2568 366 2612 Petrum
398 2567 594 2615 Fabrum
624 2572 701 2615 III.
726 2581 804 2626 25.
847 2565 1124 2615 semestrium
1155 2583 1196 2631 p.
1222 2582 1328 2631 399.
1351 2565 1442 2632 sqq.
1468 2576 1577 2625 408.
1610 2565 1702 2631 sqq.
1738 2581 1803 2618 et,
1839 2581 1947 2627 quae
1972 2565 2027 2612 de
2048 2583 2130 2613 vn·

184 2648 457 2695 guentorum
482 2634 562 2682 vsu
586 2639 631 2682 in
658 2635 767 2683 cibis
792 2650 835 2683 et
856 2637 1078 2683 conuiuiis
1093 2634 1389 2682 Stuckiuslll.
1417 2651 1488 2693 15.
1510 2637 1773 2698 Antiquitat.
1796 2634 2129 2690 Conuiualium‚
2191 2640 2204 2653 '

185 2716 228 2749 et
253 2701 310 2750 de
342 2701 582 2751 Gallorum
611 2705 721 2752 luxu
755 2703 1028 2754 Sirmondus
1057 2718 1166 2753 tom.
1185 2719 1228 2754 1.
1246 2707 1366 2770 Opp.
1389 2720 1433 2770 p·
1455 2713 1564 2764 843.
1629 2704 1794 2750 Extant
1824 2715 1973 2748 tamen
1994 2704 2128 2749 etiam

1978 2786 2129 2818 exem·
