2263 3027
209 142 310 205 264
407 137 558 191 CAP.
592 137 703 189 vu.
768 136 1024 190 VARrAE
1091 135 1554 196 SENTENTME,
1627 138 1722 191 DE
1789 141 2001 195 ANNO

216 263 482 312 chronicon
522 262 902 317 Alexandrinum,
947 277 991 310 et
1024 262 1315 327 Theophilus
1344 257 1408 310 ¹ad
1447 263 1727 330 Autolycum
1759 282 1816 315 ex
1855 267 1957 316 edit.
1997 264 2156 317 Wolfii

218 342 539 450 Grgeeiohgodie
563 370 887 453 communiter:
923 370 1158 446 CPoliiana
1179 367 1386 460 Eeelefia,
1403 367 1567 448 ‘Ducas
1586 369 1836 462 Michaelis
1857 355 2041 468 Nepos:
2058 351 2157 463 537⁷.

283 470 552 518 Rulli-aldum
577 472 622 518 in
648 471 806 531 Notis)
833 468 1047 526 Rutheni‚
1082 464 1110 512 f.
1133 464 1431 520 Moscouitae,
1452 470 1656 533 Bulgari,
1686 471 1856 538 Illyrii,
1892 469 2158 542 Georgiani,

287 536 475 591 Albani,
517 540 759 602 Aethiopes
781 536 978 602 quidam,
1009 533 1115 583 teste
1146 535 1259 582 Iobo
1282 532 1485 584 Ludolfo
1657 574 1671 587 .
1840 574 1853 587 .
2025 546 2159 600 ‚5508

222 606 506 670 Epiphanius
529 609 723 670 Cyprius
977 642 986 652 .
1238 635 1250 648 .
1539 640 1552 652 .
1742 654 1745 655 ⁷
1789 642 1802 655 .
1877 650 1879 652 .
2026 621 2159 667 5509

222 674 518 738 Theophilus
541 674 850 720 Antiochenus
871 671 990 737 apud
1014 669 1266 718 Ricciolum
1507 706 1522 722 .
1760 708 1771 720 .
2029 690 2084 735 55
2105 688 2158 734 ¹5

225 743 520 806 Nicephorus
539 742 648 789 alter
671 742 789 806 apud
814 741 1006 787 eundem
1204 774 1215 785 .
1440 773 1460 791 .,
1652 775 1668 788 .
1840 776 1851 790 .
2032 755 2164 806 5520

223 807 476 858 Eustat‘bms
499 812 808 858 Antiochenus
841 811 886 854 in
911 812 1228 854 Hexaemeron
1527 809 1543 859 ξ
1793 843 1804 854 .
2030 823 2157 875 5531

221 875 340 924 Fasti
359 876 494 924 Siculi
525 879 643 942 apud
664 878 950 924 Imbonatum
1127 909 1137 918 .
1309 908 1321 921 .
1543 908 1555 920 .
1763 911 1774 922 .
2033 893 2056 939 ς
2069 893 2089 934 5
2104 891 2161 936 35

222 944 402 991 Flauius
425 941 640 1012 Iosephus
659 944 804 1011 probe
824 939 1043 1009 expensus
1066 941 1212 988 iudice
1233 940 1433 988 Ricciolo
1453 958 1498 1007 p.
1523 955 1632 1002 290.
1654 942 1877 991 Chronol.
2034 964 2055 1004 ς
2071 962 2089 1002 ς
2104 963 2122 997 ς
2136 958 2158 1003 5

228 1014 490 1059 Ciacconius
692 1048 705 1061 .
891 1050 903 1062 .
1110 1044 1120 1054 ·
1327 1045 1339 1058 .
1545 1049 1556 1059 .
1759 1046 1773 1061 .
2035 1022 2164 1072 5580

225 1076 390 1127 lsaacus
417 1078 590 1127 Voffius
814 1116 824 1126 .
1047 1113 1061 1126 .
1277 1112 1289 1126 .
1497 1112 1509 1126 .
1738 1117 1750 1128 .
1950 1082 1996 1118 35
2038 1087 2165 1140 5598

227 1147 438 1195 Clemens
461 1148 790 1197 Alexandrinus
1029 1184 1039 1193 .
1215 1171 1220 1176 ·
1266 1180 1276 1192 .
1399 1157 1405 1163 ·
1503 1181 1516 1194 .
1740 1181 1751 1194 .
1811 1196 1814 1199 ,
2034 1158 2167 1208 5624

227 1217 453 1263 Ricciolus
484 1214 726 1263 secundum
753 1219 883 1262 LXX.
920 1216 1193 1276 Interpretes
1358 1250 1372 1264 .
1624 1252 1634 1263 .
1810 1248 1822 1261 .
2036 1222 2168 1276 5634
2248 1261 2250 1263 .

228 1285 524 1349 Nicephorus
550 1284 680 1331 CPol.
702 1285 819 1349 apud
848 1282 1121 1339 Ricciolum,
1153 1301 1178 1331 e
1212 1301 1302 1348 quo
1328 1280 1590 1330 Imbonatus
1742 1315 1759 1329 .
1884 1317 1894 1328 .
2039 1297 2171 1343 5700

227 1350 482 1399 Lactantius
707 1386 719 1397 .
971 1388 981 1398 .
1234 1386 1247 1398 .
1499 1383 1511 1394 .
1762 1383 1775 1395 .
2038 1360 2170 1410 5800

227 1418 485 1467 Philastrius
687 1454 700 1467 .
901 1455 912 1468 .
1123 1451 1134 1463 .
1308 1452 1319 1463 .
1543 1447 1560 1466 ,-
1761 1447 1778 1464 .
2036 1432 2059 1476 5
2071 1426 2130 1473 80
2146 1432 2162 1462 1

227 1488 404 1537 Paullus
423 1491 596 1534 Pezron
771 1522 781 1532 .
1193 1522 1206 1535 .
1552 1515 1563 1527 .
1768 1518 1779 1528 .
2035 1500 2057 1543 5
2073 1488 2166 1540 868

232 1557 487 1606 Secundum
511 1553 822 1601 Antiochenos
841 1552 914 1613 (vt
933 1551 1092 1597 additis
1110 1567 1128 1610 3
1144 1567 1183 1611 3.
1224 1552 1341 1597 vitae
1352 1546 1519 1596 Christi
1539 1548 1666 1594 annis
1690 1547 1851 1612 plenus
1865 1546 1970 1597 esset
1982 1553 2035 1599 ad
2051 1569 2170 1598 mor·

302 1639 395 1671 tem
427 1622 590 1668 Christi
618 1618 763 1667 sextus
785 1620 1066 1665 Millenarius
1098 1636 1321 1665 annorum
1337 1621 1367 1678 ,)
1393 1614 1649 1679 Hesychius
1681 1617 1838 1664 homil.
1865 1619 1919 1664 de
1943 1622 2171 1666 natiuitate

306 1688 496 1741 Christi,
532 1691 654 1735 cuius
690 1685 992 1748 fragmentum
1030 1688 1074 1730 in
1104 1687 1442 1750 prolegomenis
1468 1684 1594 1730 Edm.
1624 1685 1877 1730 Chilmeadi
1897 1686 1951 1731 ad
1978 1687 2165 1734 Malelae

310 1758 575 1804 Chronicon
595 1756 722 1785 *****
748 1753 840 1800 2.b.
866 1754 1217 1817 apud-Congium
1232 1751 1465 1818 p.424.,ad
1478 1752 1743 1798 Chronicon
1755 1748 1970 1803 Paschale.
2039 1757 2170 1815 5967

237 1825 438 1874 Tabulae
459 1822 761 1887 Alphonsinae
792 1826 836 1867 in
861 1822 1015 1868 codice
1035 1823 1223 1869 Riccioli
1266 1819 1308 1862 3⁶
1493 1855 1506 1869 .
1656 1853 1667 1865 .
1841 1855 1852 1865 .
2042 1830 2174 1883 5984

234 1892 448 1942 Eusebius
469 1892 575 1938 alter
596 1892 713 1955 apud
737 1890 1021 1936 Imbonatum
1048 1886 1055 1894 ⁸
1189 1926 1199 1936 .
1351 1926 1360 1935 .
1586 1923 1598 1935 .
1822 1923 1833 1935 .
2041 1904 2169 1946 5990

233 1963 513 2027 Cyprianus,
553 1959 705 2005 Suidas
729 1961 774 2003 in
807 1968 995 2020 φαλειγ,
1032 1955 1290 2021 Hesychius
1312 1954 1566 2016 fragmento
1597 1953 1651 2000 de
1674 1952 1836 2000 Christi
1861 1954 2017 2010 natali,
2056 1954 2172 2002 affir-

304 2046 452 2081 mam,
490 2044 647 2073 omnes
670 2025 875 2091 ἀκριβεῖς
905 2034 1196 2090 συγγραφεῖς
1221 2028 1267 2072 in
1291 2026 1372 2072 hac
1395 2021 1610 2070 sententia
1632 2019 1887 2086 conspirare
2017 2053 2019 2055 >
2041 2029 2171 2071 6000

234 2098 432 2146 Iulianus
456 2092 832 2158 Archiepiscopus
854 2097 899 2140 T
903 2095 1116 2140 olet-anus
1362 2128 1373 2139 .
1583 2124 1593 2135 .
1787 2124 1800 2138 .
2038 2095 2102 2139 60
2116 2107 2131 2138 ¹
2147 2104 2167 2138 1

241 2163 464 2215 Onufrius
488 2163 727 2210 Panuinius
900 2197 910 2207 .
1086 2196 1097 2206 .
1248 2196 1260 2206 .
1433 2194 1442 2204 .
1608 2191 1626 2205 .
1774 2191 1786 2203 .
2038 2169 2173 2222 6310

235 2235 360 2283 Ioan.
372 2231 624 2285 Mullerius,
638 2231 1038 2292 Regiomontanus,
1050 2245 1092 2275 et
1105 2223 1319 2292 Alphons
1315 2243 1362 2271 us
1373 2228 1466 2272 Rex
1482 2226 1527 2272 in
1540 2223 1701 2271 tabulis
1713 2224 1900 2272 Mulleri
1923 2228 1968 2265 37
2039 2235 2133 2289 648
2139 2241 2172 2288 4

370 2320 518 2368 Etiam
539 2320 587 2365 in
607 2313 698 2383 ipsa
727 2317 770 2357 3⁸
805 2334 908 2362 aera
928 2315 1174 2378 Christiana,
1213 2330 1298 2377 qua
1317 2312 1455 2374 vulgo
1479 2313 1664 2366 vtimur,
1684 2327 1727 2359 et
1749 2328 1884 2381 quam
1906 2328 1930 2358 a
1947 2307 2171 2372 Dionyfio

1989 2379 2168 2440 Exiguo

300 2467 337 2497 ³⁵
365 2465 572 2510 Ricciolm,
604 2462 841 2507 Cheuraeus,
872 2459 1061 2500 Suikerus
1079 2470 1117 2500 et
1138 2458 1363 2500 Imbonatus
1382 2458 1480 2498 male
1502 2468 1621 2511 5590.

298 2518 334 2549 ³⁶
372 2524 406 2560 A
437 2519 489 2560 ud
507 2518 760 2559 Maluendam
788 2519 907 2571 6984.

296 2575 332 2603 ³⁷
363 2576 391 2611 Ii
423 2588 482 2612 em
502 2576 600 2613 male
631 2575 752 2626 6984.

298 2625 334 2657 ³⁸
369 2629 614 2668 Vocabulum
641 2634 763 2669 Acrae
788 2628 833 2668 ab
851 2627 1017 2668 Arabico
1042 2624 1172 2671 crach,
1200 2623 1239 2664 h.
1264 2638 1297 2664 e.
1328 2623 1560 2673 computauit
1578 2637 1601 2661 a
1619 2630 1720 2661 certo
1751 2627 1939 2671 tempore,
1973 2617 2088 2666 vnde,
2119 2630 2168 2658 ta-

243 2680 324 2720 rich
345 2681 369 2719 i.
390 2694 423 2719 e.
454 2687 594 2719 notatio
618 2686 799 2734 temporis.
830 2697 900 2735 quo
918 2683 1067 2736 aliquid
1082 2680 1228 2732 fadum
1255 2679 1313 2731 est.
1380 2679 1480 2718 Vide
1503 2678 1698 2717 Thomam
1723 2674 1837 2727 Hyde
1865 2675 1906 2713 in
1939 2675 2075 2714 limine
2102 2686 2168 2713 no·-

242 2745 367 2776 taium
387 2734 434 2774 ad
456 2735 663 2774 Abrahami
683 2736 838 2776 Peritsol
857 2739 1110 2778 itinerarium.
1139 2749 1228 2788 pag.
1251 2748 1286 2774 2.
1345 2738 1486 2774 Aetam
1508 2734 1554 2772 ab
1585 2731 1731 2785 epocha
1751 2727 1942 2770 diuersam
1965 2729 2037 2770 effe
2059 2728 2170 2789 doce}

242 2791 324 2832 Cel.
346 2792 451 2831 Ioan.
472 2790 615 2844 Georg.
637 2791 870 2837 waltherus,
890 2794 932 2832 iu
948 2792 1220 2833 Differtatione
1244 2789 1439 2844 epistolia
1469 2788 1517 2828 de
1536 2800 1620 2828 aera
1641 2786 1799 2839 templi,
1827 2783 1927 2838 Lipfi
1962 2781 2170 2838 1741.1vb1

2028 2850 2117 2893 pag.
2131 2835 2169 2877 6.
2252 2845 2253 2855 ¹
