2263 3027
610 163 611 166 π
796 138 1313 201 -ὟΕΞΤΑΜΕΝΤΑ,
1397 178 1399 181 -
1925 170 2027 217 779

99 273 380 321 Marcianaei.
411 268 891 337 ‘D'e'Pythionicaru‘m
911 270 1075 319 brabeo
1098 273 1362 322 Edmundus
1384 271 1633 324 Di'ckinson
1655 292 1749 342 cap.
1783 292 1827 342 7.
1863 278 2029 346 Delph.

97 339 534 388 Phoeniciflantium.

102 487 114 515 s
237 478 316 523 VI.
353 477 421 523 De
450 479 491 524 T
485 472 800 539 testamentorum
820 473 1007 537 origine'
1027 488 1071 523 et
1093 473 1362 540 probatione
1393 476 1566 526 erudite
1593 494 1781 542 egerunt
1799 482 2031 529 Henricus

98 546 422 609 Speelmaunus
442 547 486 590 in
503 543 529 584 {8
550 541 758 604 fingulari
781 540 1084 591 dissertatione
1103 577 1113 597 ‚
1153 560 1285 606 quam
1309 545 1561 593 recensitam
1585 547 1689 594 vide
1715 549 1761 594 in
1775 548 1897 596 Affis
1910 552 2029 596 Eru-

98 612 298 659 ditorum
320 617 372 659 A.
400 619 538 672 1698.
560 627 660 674 pag.
682 623 795 671 445.
824 625 868 656 et
895 610 1106 658 Albertus
1126 613 1376 659 Dietericus
1404 614 1593 660 Trekell
1615 617 1662 661 in
1689 615 1951 664 traffiatione
1973 618 2033 664 de

97 682 276 742 origine
307 696 434 743 atque
456 674 689 742 progreffu
716 676 1175 727 testamentifastionis
1203 677 1460 742 praesertim
1492 682 1609 746 apud
1632 686 1884 742 Romanos,
1918 700 2031 748 quae

95 764 203 794 cum⁴
221 745 496 813 praefatione
515 749 686 807 Georg.
709 744 889 793 Christi.
911 746 1136 794 Gebaueri
1159 746 1273 803 edita
1296 745 1356 793 est
1375 748 1545 812 Lipfiae
1577 765 1660 808 173
1669 765 1714 806 9.
1737 769 1779 810 4.
1857 750 2030 799 Consu·

96 814 256 862 lendus
277 816 407 862 etiam
435 817 638 860 Potterus
659 816 736 859 IV.
767 830 838 872 ¹5·
863 815 1098 861 Archaeol.
1135 829 1336 874 graecae,
1383 819 1438 861 D.
1462 817 1734 864 Christianus
1758 818 2032 868 Thomafius

97 880 249 929 differt
271 884 325 929 de
343 874 519 944 origine
539 897 582 927 et
604 881 742 927 initiis
763 878 1040 928 succeffionis
1058 879 1406 929 testamentariae
1427 885 1542 947 apud
1565 888 1806 941 Romanos,
1831 903 1874 932 et
1895 887 2032 939 altera

94 950 151 996 de
171 947 295 997 sensu
315 950 423 1011 legis
452 948 759 995 decemuiralis
786 948 1159 1007 testamentariae,
1192 949 1333 996 Halae
1359 952 1498 1010 1705.
1568 954 1692 1000 Ioan.
1723 957 1867 1000 Henr.
1899 957 2030 1001 Sum-

94 1034 384 1064 metm-annus
404 1019 450 1063 in
475 1014 747 1073 comesturis
765 1018 820 1062 de
849 1019 1026 1079 origine
1056 1031 1102 1063 et
1130 1014 1365 1081 progrcffu
1391 1016 1757 1066 testamentorum
1787 1022 1906 1085 apud
1934 1026 2032 1067 Ro.

95 1102 254 1132 manos
277 1087 444 1150 pariter
466 1102 513 1131 ac
545 1087 801 1132 Germanos
834 1086 1030 1148 alioique
1061 1084 1270 1148 populos.
1289 1085 1489 1131 Berolini
1523 1100 1659 1147 1735.
1682 1102 1724 1148 4.
1796 1090 1861 1139 10.
1886 1090 2034 1137 Gottl.

93 1155 367 1200 Heineccius
388 1154 433 1198 in
452 1149 730 1215 syntagmate
750 1154 1064 1216 antiquitatum
1076 1155 1379 1198 Romanarum
1403 1154 2033 1217 iurisprudcntiamillustran-

91 1221 208 1266 tium
229 1237 330 1285 pag.
355 1235 447 1279 502
472 1217 564 1283 sqq.
637 1224 824 1266 Veteres
845 1219 1068 1267 formulae
1089 1218 1453 1266 testamentorum
1475 1238 1628 1282 graece
1648 1219 1835 1288 scriptae
1856 1222 1933 1271 sub
1954 1242 2032 1271 no-

93 1289 220 1335 mine
256 1287 545 1347 Andragorae
575 1301 618 1332 et
648 1285 843 1350 EpiPteti
873 1289 1092 1335 Grinniae
1124 1288 1335 1349 leguntur
1365 1289 1411 1332 in
1448 1285 1816 1352 inscriptionibus
1843 1294 2036 1339 Gruteri

93 1371 195 1419 pag.
219 1361 330 1402 216.
397 1352 516 1399 Alias
536 1352 692 1398 videre
713 1353 815 1399 licet
835 1354 954 1417 apud
975 1356 1230 1414 Diogenem
1254 1356 1484 1405 Laenium
1506 1357 1551 1401 in
1581 1357 1689 1402 vitis
1711 1356 2033 1423 Philosophor-

93 1422 217 1469 Alias
235 1418 601 1467 testamentorum
625 1416 843 1466 formulas
873 1420 1058 1479 (latinas
1078 1417 1369 1484 praesertim)
1399 1421 1614 1469 exhibent
1634 1426 1860 1486 Georgius
1881 1430 1916 1472 F
1918 1427 2035 1474 abri-

95 1489 190 1535 cius
210 1488 256 1534 in
280 1488 588 1534 monumentis
610 1488 744 1532 variis
764 1489 976 1551 antiquiS‚
1013 1487 1131 1534 Bafil.
1160 1502 1290 1546 1549.
1314 1495 1355 1543 8.
1424 1492 1654 1537 Manutius
1678 1493 1725 1537 in
1744 1491 1889 1540 officia
1907 1497 2034 1543 Cice-

92 1557 220 1601 ronis
240 1572 337 1620 pag.
366 1562 455 1615 148
469 1551 530 1617 sq.
552 1553 654 1602 edit.
669 1557 874 1611 Graeuii3
898 1555 1113 1602 Barnabas
1133 1552 1374 1601 Briffonius
1400 1555 1476 1604 lib.
1489 1572 1533 1618 7.
1555 1557 1610 1604 de
1628 1556 1839 1607 formulis
1857 1577 1903 1625 p.
1918 1572 2033 1626 674.

93 1620 380 1669 Testamenta
407 1622 510 1667 Iulii
543 1618 756 1676 Caesaris,
798 1620 983 1684 Augusti
1014 1638 1057 1669 et
1088 1620 1286 1678 Tiberii,
1324 1623 1456 1669 relata
1488 1642 1511 1670 a
1540 1627 1755 1673 Suetonio
1783 1628 1832 1674 in
1860 1630 2032 1679 horum

93 1690 200 1735 vitis
221 1726 233 1746 ,
288 1687 475 1735 illustrat
516 1690 747 1736 Zacharias
785 1690 1000 1753 Huberus
1041 1693 1088 1736 in
1129 1686 1505 1737 differt-itionibus
1543 1693 2033 1759 iuridicophilologicis

95 1757 270 1822 quinta,
307 1754 423 1804 sexta
447 1771 489 1802 et
508 1753 707 1820 septima.
776 1759 972 1818 Integras
997 1756 1360 1804 testamentorum
1381 1758 1547 1805 tabulas
1572 1778 1594 1806 e
1624 1762 1845 1825 lapidibus
1869 1780 1912 1810 et
1935 1782 2032 1812 mo·

22 1852 26 1854 -
93 1825 322 1874 numentis
347 1821 528 1871 vetustis
549 1822 733 1870 exhibet
752 1824 933 1872 Bai-nab.
957 1824 1196 1872 ss'risfonius
1221 1827 1275 1872 de
1300 1824 1511 1873 formulis
1537 1844 1579 1874 et
1599 1826 1891 1877 sollemnibus
1911 1835 1955 1879 P.
1976 1835 2032 1882 R.

92 1892 246 1940 verbis
266 1891 341 1939 lib.
364 1910 406 1952 7.
430 1908 529 1955 pag.
553 1896 610 1952 64
625 1907 648 1954 3
678 1889 788 1956 sqq*
850 1890 1183 1940 Testamentum
1206 1892 1428 1940 Castrense
1451 1894 1665 1962 ἄγραφον
1692 1914 1912 1946 memorat
1931 1901 2034 1948 Plu..

91 1961 271 2008 tarchus
315 1958 560 2005 Coriolano
599 1976 700 2022 pag.
746 1973 859 2018 217.
926 1963 996 2006 De
1033 1959 1242 2022 vigesima
1278 1962 1596 2009 haereditatum
1630 1965 1852 2012 videndus
1874 1971 2032 2016 Petrus

27 2050 48 2065 ν
92 2032 376 2075 Burmannus
410 2043 445 2072 c.
475 2045 492 2072 1
507 2041 544 2073 1.
577 2026 683 2074 libri
706 2027 761 2074 de
781 2026 1073 2090 veffigalibus
1094 2031 1417 2076 Romanorum.
1489 2035 1558 2078 De
1578 2031 1661 2078 diis
1685 2034 1951 2083 haeredibus
1970 2051 2030 2083 ex

90 2093 353 2142 testamento
371 2094 489 2158 apud
508 2095 737 2157 Romanos
758 2092 997 2143 differt-atio
1018 2100 1171 2143 Franc.
1197 2101 1294 2144 Car.
1317 2099 1521 2145 Conradi
1548 2101 1720 2164 prodiit
1742 2099 1860 2165 Lips.
1888 2120 1974 2163 172
1987 2119 2027 2160 ς.

29 2175 31 2178 ’
92 2161 437 2227 Rempublicam
458 2161 695 2208 haeredem
716 2160 943 2210 instituere
964 2164 1061 2225 lege
1085 2166 1282 2211 Romana
1303 2168 1493 2213 vetitum
1519 2183 1621 2214 erat.
1693 2169 1810 2215 Vide
1829 2170 2029 2217 Plinium

28 2269 31 2273 .
92 2229 168 2277 lib.
195 2246 234 2290 ς.
267 2227 388 2292 epist.
413 2244 459 2288 7.
530 2231 600 2274 De
641 2227 908 2278 testamentis
951 2230 1309 2278 Christianorum
1351 2231 1509 2278 confer
1538 2237 1622 2280 Iac.
1647 2236 1861 2282 Schalleri
1899 2236 2028 2284 binas

96 2295 417 2345 dissertationes
436 2298 724 2355 Argentorati
752 2302 887 2347 1661.
963 2302 1034 2345 De
1053 2298 1321 2344 testamentis
1356 2300 1636 2346 clericorum
1669 2303 2027 2351 Monachorum·

97 2382 183 2428 que
202 2369 270 2414 M.
292 2366 518 2411 Antonius
542 2362 595 2408 de
615 2366 828 2411 Dominis
848 2370 922 2412 IX.
954 2379 1023 2414 12.
1091 2369 1159 2412 De
1185 2366 1362 2427 origine
1394 2367 1619 2430 potestatis
1650 2368 1955 2418 ecclesiasticae
1973 2372 2027 2419 in

94 2431 371 2485 testamenta⁷
407 2431 584 2477 Seldeni
616 2431 731 2478 liber
757 2430 945 2498 scriptus
971 2435 1163 2495 anglice:
1202 2433 1272 2480 the
1316 2439 1497 2498 om'ginal
1523 2437 1571 2498 ⁰s
1593 2437 2028 2501 Ecclefiasticaljuris-

30 2510 34 2512 “
96 2499 252 2547 ᾱίὲἳίοη
283 2501 333 2564 of
355 2500 600 2561 testaments.
668 2503 907 2548 Germanis
928 2502 1038 2548 olim
1069 2500 1323 2549 testamenta
1344 2503 1486 2557 nulla,
1523 2501 1629 2549 teste
1647 2505 1830 2562 Tacito,
1864 2503 2027 2560 confer

32 2614 37 2621 ,
96 2571 429 2630 Berneggerum
453 2566 612 2632 quaest.
644 2582 655 2613 1
677 2581 744 2622 19.
770 2567 816 2614 in
836 2567 1004 2615 librum
1028 2571 1082 2617 de
1109 2569 1312 2615 moribus
1332 2573 1680 2617 Germanorum.
1749 2575 1819 2620 De
1847 2575 2026 2635 origine

97 2650 141 2682 et
163 2633 243 2682 vsu
273 2635 639 2683 testamentorum
662 2635 779 2699 apud
807 2651 979 2684 veteres
1003 2633 1277 2689 Germanos,
1325 2653 1367 2683 et
1390 2638 1444 2682 de
1479 2636 1730 2685 differentia
1758 2641 1875 2687 inter
1902 2640 2026 2688 testa-

96 2719 247 2753 menta
263 2709 599 2755 Germanorum
620 2718 750 2769 atque
764 2705 1074 2761 Romanorum
1098 2706 1215 2759 vide,
1238 2709 1848 2768 praeterSummermannum
1867 2709 2023 2774 paullo

1616 2800 1622 2801 ff
1922 2786 2045 2827 ante.

158 2839 194 2883 Ἀ
213 2856 259 2898 In
277 2854 523 2911 Speelmanni
541 2854 723 2913 operibus
738 2854 925 2912 postumis
949 2855 1096 2911 anglice
1115 2820 1383 2899 editisOxon.
1404 2852 1525 2908 1698.
1542 2853 1614 2900 fol.
