2263 3027
180 73 276 125 εει
808 30 984 112 ‘CAR
1016 59 1154 111 xix.
1220 59 1467 118 ΡΑΝΕε,

178 188 436 238 Ferrarium
459 190 492 233 1.
519 202 591 235 12.
614 184 792 236 eleE’cor.
812 184 898 251 seq.
930 185 1011 234 vbi
1034 183 1202 234 vrefellit
1231 186 1550 235 Mercurialem
1574 188 1651 251 qui
1670 190 1702 235 Ι.
1722 191 1770 245 ’8.
1807 190 1977 237 Variar.
1999 204 2118 240 vete-

179 275 248 306 res
274 257 409 303 calida
429 252 529 302 vsos
552 256 757 320 perinde,
783 271 832 302 vt
848 256 1045 303 Andreas
1065 256 1240 302 Raecius
1261 257 1374 303 male
1393 271 1641 319 negauerat.
1670 257 1796 319 *Agit
1807 257 1976 305 ibidem
1997 261 2118 306 Mer-

179 325 354 374 curialis
379 323 432 370 de
456 340 584 371 more
607 339 812 380 veterum
834 325 941 370 vina
968 339 1012 370 et
1032 340 1190 387 aquam
1206 321 1509 387 'refrigerandi
1526 357 1540 381 ,
1593 325 1648 371 de
1672 340 1762 388 quo
1784 325 1987 373 videatur
2009 342 2119 389 quo·-

178 411 265 457 que
286 392 514 439 Secundus
539 391 840 438 Lancellottus
862 393 906 439 in
928 389 1007 438 suo
1032 391 1202 454 Oggidi
1239 396 1296 440 T.
1323 409 1357 439 1.
1380 410 1423 458 p.
1440 406 1573 456 209.‘
1599 408 1641 440 et
1662 393 1869 441 Thomas
1899 393 2119 442 Bartholi-

178 478 261 508 nus
282 461 335 507 dc
356 457 437 506 vsu
458 461 575 506 niuis
595 460 771 506 medico
785 494 801 515 ,
830 477 923 524 cap.
940 476 1010 517 14.
1033 459 1112 506 vbi
1131 475 1312 524 quoque
1336 461 1391 507 de
1417 478 1545 508 more
1573 478 1731 524 aquam
1759 461 1947 526 potandi
1967 464 2118 524 rigen-

176 544 268 575 tem
295 529 349 574 de
379 529 506 581 niue,
545 528 600 573 de
630 544 719 591 quo
751 529 883 574 etiam
915 526 1134 574 Meurfius
1173 525 1369 594 spicileg.
1400 531 1636 579 Theocrit.
1673 547 1715 594 p.
1742 537 1817 590 56.
1851 528 1912 593 sq.
1990 531 2118 578 Idem

175 596 460 643 Mercurialis
483 613 573 660 cap.
588 611 631 656 7.
659 597 746 657 agit
768 595 821 641 de
848 597 1061 660 vinoper
1084 593 1277 642 mustum
1300 597 1372 643 vel
1392 597 1600 643 lixiuium
1621 599 1696 643 vel
1718 599 1944 644 tortiuurss·
1968 614 2121 644 recen-

176 679 280 717 tato,
327 678 369 709 et
392 666 447 708 Il.
478 677 548 722 13.
588 663 659 730 de*
675 663 922 710 condituris
952 665 1181 709 vinorum.
1252 664 1382 710 Adde
1414 664 1648 711 Stuckium
1673 668 1747 711 III,
1772 675 1812 715 6.
1833 663 1893 729 sq.
1933 667 2118 728 Antiqu.

176 732 415 780 Conuiual.
459 746 502 777 ct
524 732 817 777 Vincentium
836 733 1016 779 Butium
1039 731 1094 777 de
1115 746 1227 795 potu
1250 731 1409 785 calido,
1431 730 1599 794 frigido
1619 748 1662 779 et
1682 748 1953 797 temperatO„
1985 736 2118 779 Rom.

182 815 198 846 1
214 807 273 862 63
288 815 327 855 5.
366 814 408 845 et
431 802 491 847 T.
506 802 602 846 XII.
624 802 789 854 Graev.
807 798 810 801 ’
855 802 924 845 De
944 815 1055 862 potu
1077 796 1269 859 frigidae
1290 801 1512 862 etpintrito
1534 799 1844 864 (stultesclgale)
1864 804 1917 848 D.
1931 799 2129 849 Wilheb

176 868 242 916 mi
263 866 478 915 Huldrici
500 864 863 923 Waldschmidii‚
903 867 1075 916 Medici
1094 866 1240 914 Kilon.
1262 864 1523 921 dissertatio,
1561 874 1612 917 A.
1631 882 1772 931 1712.
2123 867 2127 872 “

326 1007 405 1050 VI.
436 1009 505 1054 De
528 1007 663 1053 variis
680 1022 833 1065 panum
849 1004 1089 1068 generibus
1114 1007 1203 1068 agit
1225 1005 1450 1052 Henricus
1474 1004 1658 1052 Nicolai
1688 1002 1874 1061 traglatu
1903 1003 1958 1063 ‹jle
1989 1017 2119 1066 pane,

176 1069 375 1118 Dantisci
396 1081 591 1133 1651.4.
629 1073 845 1138 Iosephus
867 1078 1174 1137 Qercetanus
1197 1075 1242 1119 in
1264 1074 1511 1119 D-iaetetico'
1532 1070 1880 1134 Polyhistorico‚
1904 1075 1966 1117 Io.
1987 1072 2129 1133 Sigis-‘

174 1140 372 1193 mundus
400 1142 644 1199 Elsholtius
666 1143 712 1188 in
749 1143 998 1188 Diaetetico
1021 1141 1292 1187 Germanice
1316 1140 1437 1186 edito
1469 1139 1663 1188 Berolin.
1690 1146 1829 1189 1682.
1850 1154 1894 1194 4.
1927 1155 2026 1202 pag.
2039 1152 2120 1197 94.

175 1203 265 1270 seq.
303 1205 555 1255 Bonifacius
579 1208 707 1266 lib.9.
728 1208 938 1256 historiae
957 1208 1153 1256 ludicrae
1185 1225 1278 1274 cap.
1299 1223 1336 1266 5.
1361 1205 1423 1271 sq.
1494 1207 1750 1265 Ioachimus
1781 1209 1948 1270 Strupp
1978 1209 2025 1251 in
2057 1206 2120 1251 Si-

178 1275 631 1338 topotiamatechnica
652 1275 739 1323 fiue
763 1278 817 1324 de
832 1277 970 1323 modo
989 1291 1217 1341 panemet
1238 1292 1399 1341 potum
1424 1291 1477 1322 ex
1499 1277 1634 1322 variis
1657 1274 1791 1321 rebus
1812 1271 2120 1338 praeparandi,

172 1340 383 1389 Francof.
403 1358 541 1406 1574.
561 1360 607 1406 4.
663 1347 833 1406 Georg.
864 1343 1069 1392 Gottlieb
1100 1341 1437 1391 Pitschmannus
1469 1345 1516 1390 in
1550 1343 1668 1389 libro
1699 1344 1970 1390 Germanice
1997 1340 2118 1387 edito

171 1406 292 1473 Lips.
324 1425 460 1471 1700.
486 1419 528 1468 8.
570 1413 625 1459 de
648 1411 786 1459 fimila
807 1411 896 1459 fine
922 1410 1064 1458 farina
1084 1410 1305 1468 fimiliari‚
1343 1418 1455 1475 quae
1479 1413 1526 1458 in
1546 1407 1716 1458 Silefiae
1740 1411 1843 1456 loco
1875 1408 2071 1473 quodam
2094 1424 2120 1455 e

169 1492 288 1524 terra
310 1495 435 1527 enata
458 1477 624 1537 fuerat,
659 1497 756 1545 pag.
779 1495 859 1540 23.
880 1478 940 1544 sq.
967 1483 1044 1539 69.
1064 1477 1128 1544 sq.
1151 1494 1195 1527 et
1221 1497 1276 1529 10
1286 1496 1327 1542 3.
1397 1480 1604 1526 Thomas
1629 1477 1913 1526 Bartholinus
1935 1480 2119 1523 Centur.
2140 1501 2144 1503 ·

170 1548 251 1592 VI.
273 1544 373 1596 hist.
394 1555 467 1600 16.
499 1564 543 1596 et
575 1548 631 1596 de
652 1549 875 1596 medicina
903 1551 1140 1595 Danorum
1172 1564 1269 1612 pag.
1289 1562 1396 1607 303.
1420 1561 1525 1607 304.
1559 1546 1639 1593 vbi
1671 1547 1726 1593 de
1754 1546 1969 1611 placentis
1997 1546 2122 1590 Nor-

172 1614 357 1675 wagicis
387 1633 440 1662 ex
471 1616 625 1663 abietis
659 1615 924 1670 corticibus,
965 1631 1009 1664 et
1039 1619 1105 1665 10.
1134 1616 1300 1681 Philip.
1330 1617 1629 1678 Burggrauius
1653 1615 1707 1661 ad
1735 1616 2040 1675 Contingium
2064 1611 2120 1659 de

175 1680 352 1727 habitus
384 1701 562 1749 corpor.
594 1688 750 1732 Germ.
780 1682 929 1732 cauffis
959 1697 1126 1749 p.294.
1149 1682 1242 1748 sqq.
1311 1685 1432 1730 Petri
1463 1682 1672 1730 Cellensis
1702 1683 1816 1730 liber
1836 1683 1890 1728 de
1914 1679 2118 1744 panibus,

179 1746 309 1794 Paris.
336 1758 472 1800 1600.
496 1761 536 1806 8.
559 1759 725 1815 p.2·'79.
765 1769 959 1816 operum
981 1767 1024 1799 et
1043 1755 1190 1812 T.23.
1213 1750 1321 1798 Bibl.
1344 1755 1523 1797 Parrum
1546 1751 1648 1798 edit.
1683 1749 1827 1809 Lugd.
1858 1764 1902 1812 p.
1925 1755 2034 1809 746.
2055 1743 2119 1808 sq.

178 1816 340 1880 plenus
358 1815 416 1862 cst
442 1819 639 1881 mysticis
659 1819 1017 1884 expositionibus
1041 1821 1190 1865 omnis
1209 1820 1407 1879 generis,
1445 1834 1641 1881 quorum
1662 1818 1708 1862 in
1728 1813 1856 1861 sacris
1880 1815 2038 1860 litteris
2067 1810 2121 1859 fit

176 1884 362 1928 mentio.
424 1889 672 1949 ..Aegyptiis
706 1904 870 1950 panes,
910 1889 989 1950 qui
1017 1903 1101 1950 per
1130 1903 1299 1932 annum
1328 1886 1582 1948 incorrupti
1611 1881 1854 1930 seruantur.
1925 1882 2120 1927 Athana·

176 1948 259 1996 Iius
280 1951 328 1995 in
350 1952 440 1997 vita
459 1955 499 2000 S.
522 1956 711 1999 Antonii
732 1971 767 1999 c.
787 1972 857 2002 12.
877 1958 935 2000 T.
957 1970 991 2000 1.
1014 1960 1181 2017 p.806.
1250 1952 1379 1998 Panis
1403 1951 1521 2015 apud
1546 1949 1793 1997 Maurusios
1814 1965 1907 1995 non
1930 1946 2000 2005 fir,
2036 1959 2127 1994 ne-'

178 2034 265 2081 que
288 2019 448 2065 vinum
470 2036 616 2083 neque
637 2021 809 2073 oleum,
847 2018 922 2066 sed
945 2018 1014 2065 far
1032 2034 1075 2066 et
1095 2020 1321 2066 hordeum
1354 2019 1644 2065 immaturum
1661 2051 1674 2075 ,
1711 2033 1760 2064 vt
1795 2015 2118 2064 irrationabilia

177 2086 382 2132 animalia
403 2088 656 2134 comedunt.
729 2086 928 2134 Historia
948 2083 1141 2132 miscella
1163 2090 1281 2132 XVI.
1300 2101 1345 2141 9.
1415 2090 1483 2132 Dc
1515 2104 1628 2150 pane
1659 2087 1872 2132 cinericio
1903 2100 1946 2132 et
1975 2084 2117 2131 modo

181 2170 284 2200 eum
303 2148 597 2219 praeparandi
629 2157 873 2202 Bochartus
904 2170 1031 2200 tomo
1062 2168 1097 2204 ¹.
1133 2156 1301 2203 hieroz.
1332 2171 1372 2217 p.
1392 2157 1497 2213 326.
1520 2151 1580 2216 sq.
1659 2154 1856 2201 Clericus
1876 2153 1928 2199 ad
1954 2148 2115 2201 Genes.

177 2225 342 2275 XVIII,
357 2225 398 2269 6.
441 2239 482 2269 ct
506 2227 623 2269 Ioan.
649 2229 760 2284 Aug.
781 2223 984 2269 Bonitius
1006 2222 1052 2267 in
1075 2219 1237 2268 differt.
1258 2222 1312 2268 dc
1333 2224 1596 2287 ἐγκρυφίας
1619 2219 1707 2268 siue
1725 2239 1841 2286 pane
1858 2218 1936 2267 sub
1958 2222 2118 2268 cineri-

180 2287 260 2335 bus
288 2288 428 2336 coelo.
454 2288 571 2354 Lips.
606 2305 740 2350 1720.
800 2287 1006 2342 ’Νοιστὲς
1027 2288 1229 2354 placenta
1251 2286 1337 2335 fuit
1360 2290 1538 2336 mellita.
1594 2289 1715 2338 Vide
1736 2290 1896 2336 Ezech.
1921 2289 2116 2354 Spanhe·

178 2359 322 2403 mium
345 2358 397 2403 ad
419 2358 730 2423 Aristophanis
751 2358 930 2406 Plutum
954 2376 996 2404 v.
1017 2373 1034 2404 1
1052 2374 1154 2419 143.
1184 2357 1401 2408 ’ὅινοῧττοι
1432 2358 1634 2422 placenta
1656 2360 1767 2404 vino
1800 2372 1842 2404 et
1863 2353 2117 2403 melle-sub-

181 2423 296 2482 aQi,
335 2426 395 2470 Id.
420 2427 471 2471 ad
503 2444 545 2471 v.
578 2441 715 2476 1122.
793 2429 861 2473 De
890 2443 1003 2489 pane
1034 2423 1234 2472 biscosto
1268 2424 1355 2472 siue
1383 2429 1682 2490 paxamatico,
1731 2444 1754 2472 a
1781 2429 1971 2473 Paxamo
2004 2438 2115 2485 quo·

181 2490 279 2536 dam
302 2493 465 2552 (Cei-da
489 2498 700 2540 c.XVIII.
724 2492 979 2555 Aduersar.)
1006 2494 1084 2557 qui
1114 2495 1162 2540 in
1185 2490 1312 2540 Vsum
1348 2494 1544 2539 militum
1574 2494 1684 2539 illud
1715 2494 1910 2547 inuenit,
1950 2507 2114 2554 panem

178 2559 379 2604 naualem
408 2577 536 2608 vocat
556 2562 723 2608 Plinius
748 2563 1008 2608 Valerianus
1033 2565 1084 2607 V.
1114 2577 1149 2608 ι.
1218 2561 1439 2608 chelius
1460 2576 1641 2626 cap-45.
1665 2562 1747 2607 otii
1765 2558 1997 2606 Vratislav.
2018 2563 2114 2604 Bar·

177 2626 297 2672 thius
326 2637 396 2684 36.
431 2643 496 2686 19.
520 2628 916 2685 Aduersariorum,
953 2645 995 2676 et
1017 2643 1236 2695 pag-247.
1256 2630 1308 2675 ad
1323 2629 1555 2676 Guilielm.
1579 2630 1822 2675 Britonem.
1893 2623 2114 2672 Altescrra

179 2692 322 2743 lib.V.
348 2691 582 2743 Asccticon
604 2715 693 2762 cap.
711 2701 766 2745 ΙΙ.
815 2700 1009 2760 Cangius
1035 2713 1230 2762 Vtroque
1263 2694 1485 2748 Glossario
1518 2698 1566 2744 in
1585 2699 1808 2745 Paxamat.
1850 2695 2116 2742 Vincentius

1620 2778 1623 2780 ·
1921 2774 1923 2776 ·
1949 2764 2118 2811 Coma·
