2263 3027
191 93 290 147 816
626 82 774 134 CAP.
792 78 796 82 ’
812 79 973 133 XVII.
1027 79 1323 133 'MILITIA
1362 79 1756 147 EQVESTRIS.

188 210 280 259 dux
312 210 531 258 exercitus
563 203 777 270 equestris
810 203 1042 254 dicebatur
1075 204 1286 269 magister
1327 207 1560 270 equitum‚
1602 205 1671 253 cui
1707 202 1883 258 suber-at
1903 211 2031 271 optio
2053 209 2147 262 flue>

187 270 390 327 summus
418 276 734 322 mandatorum
759 290 959 332 curator,
990 275 1045 321 de
1067 291 1156 339 quo
1179 272 1339 322 confer
1363 277 1651 322 Perizoniutn
1684 275 1906 321 animadv.
1943 274 2139 327 historic.

189 364 286 413 pag.
314 349 428 396 262,
509 345 634 390 Hinc
667 345 757 389 viri
790 343 986 402 tribuni,
1024 341 1243 408 'praefesti
1282 359 1556 397 turmarum,
1596 343 1843 397 vexillarii,
1880 343 2145 401 draconarii,

188 416 475 465 decuriones,
509 405 858 458 subdecuriones
883 428 962 458 etc.
993 411 1084 458 vid.
1109 415 1354 473 Hugonem
1380 411 1454 461 lib.
1482 428 1521 471 5.
1543 428 1636 475 cap.
1664 425 1706 461 2.
1743 427 1782 471 3.
1813 427 1858 472 4.
1925 415 1992 458 De
2017 414 2144 476 equi-

185 481 304 530 tibus
334 482 594 528 Tarentinis
626 481 732 526 vide
765 483 946 527 Petrum
971 478 1345 526 Vistorium'lX.
1385 495 1427 537 3.
1470 483 1626 527 variar.
1667 477 1931 528 lectionum.
1999 480 2146 545 jApud

186 544 385 598 Graecos
441 548 666 612 equitibus
719 564 954 612 praeerant
999 549 1260 612 Hipparchi
1307 563 1349 612 et
1389 549 1647 612 Phylarchi.
1725 550 1795 594 De
1832 550 1924 594 a'cie
1953 547 2146 613 equestri

184 623 328 679 Hugo
352 618 432 665 ΙΙΙ.
463 632 479 664 1
511 632 553 663 et
577 631 599 677 5
622 613 684 679 sq.
707 633 749 662 et
771 619 847 664 IV.
874 632 900 665 1.
912 632 956 664 et
977 634 1015 674 ς.
1085 619 1154 662 De
1176 618 1269 662 acie
1292 617 1495 679 equitum
1520 614 1734 681 peditatui
1757 618 2005 662 mixtorum
2022 617 2145 663 idem

187 689 266 732 IV.
290 688 335 733 6.
412 688 614 745 Pugnare
637 701 690 730 ex
722 700 838 748 equo
866 681 1082 732 inuenisse
1111 682 1532 731 dicunturTheffali
1558 685 1784 740 Centauri,
1802 685 1906 731 vide
1931 686 2146 731 Mezeria·
2179 726 2187 732 ,

185 769 287 800 cum
314 751 365 798 ad
387 753 607 799 Ouidium
629 767 740 798 tom.
776 770 809 801 ι.
836 769 881 816 p.
911 759 1018 812 348.
1094 755 1163 797 De
1187 751 1384 798 Phaleris
1411 753 1726 799 Bourdelotius
1758 768 1801 815 p.
1828 759 1883 807 63
1912 754 1965 798 ad
1986 753 2145 799 Helio·

185 823 350 868 dorum
373 835 416 886 et
447 819 687 867 Chifletius
703 822 750 866 in
773 818 946 867 anastasi
968 818 1213 866 Childerici
1243 836 1341 883 pag.
1365 833 1481 880 225.
1512 836 1810 883 anequorum
1842 816 2010 875 solum,
2049 836 2145 867 non

186 891 323 937 etiam
345 890 549 952 equitum
583 904 872 945 ornamenta,
909 888 1014 934 vide
1040 886 1470 934 Drakenborchium
1501 889 1553 934 ad
1581 890 1740 934 Silium
1767 905 1866 953 pag.
1892 898 2028 950 758.
2073 891 2144 935 De
2194 884 2199 889 ’
2226 898 2249 928 .’

197 973 422 1020 equorum
441 952 600 1002 ferreis
618 955 774 1009 calceis
800 956 960 1002 lunatis
980 955 1086 1002 vide
1100 957 1320 1015 Cangium
1343 956 1387 1000 in
1412 964 1638 1014 cenatoria.
1691 960 1761 1002 De
1781 958 1924 1003 aureis
1950 956 2145 1003 eundem

184 1024 452 1072 Chifletium
476 1040 518 1088 p.
545 1036 655 1086 224.
697 1026 765 1070 De
778 1021 1078 1088 frenolupato
1096 1019 1398 1070 Montfaucon
1412 1027 1527 1083 T.4.
1542 1021 1749 1088 supplem
1778 1038 1902 1088 p.25.
1921 1024 1974 1070 de
1987 1025 2145 1089 ephip-
2228 1075 2230 1077 ,

180 1095 271 1158 piis
292 1109 334 1157 p.
353 1106 431 1151 25.
461 1091 517 1137 de
540 1090 780 1137 calcaribus
809 1099 945 1155 p.26.
1014 1091 1260 1154 Ephippiis
1287 1091 1354 1135 vti
1374 1091 1493 1155 apud
1514 1096 1683 1138 Sueuos
1708 1108 1840 1157 turpe
1864 1089 2008 1138 visum
2038 1091 2146 1139 teste

183 1158 364 1208 Caesare
394 1160 456 1206 de*
481 1159 601 1206 bello
625 1159 800 1206 Gallico
822 1162 900 1206 1V.
933 1167 996 1204 1.‘
1039 1158 1250 1222 Stapedes
1284 1157 1515 1206 veteribus
1545 1157 1682 1213 nulli,
1723 1163 1826 1224 quia
1856 1176 1957 1207 ante
1987 1161 2145 1207 Theo-

185 1227 360 1276 dosium
387 1230 453 1273 Μ.
484 1228 702 1291 ephippia
732 1223 880 1286 solum
912 1243 967 1273 ex
987 1242 1165 1290 panno,
1202 1226 1319 1272 nihil
1349 1223 1482 1281 solidi
1511 1245 1594 1275 nec
1624 1228 1738 1290 ligni
1770 1225 1999 1281 habentia,
2037 1228 2144 1275 vide

182 1293 590 1343 Montfauconium·
616 1296 721 1342 loco*
741 1296 889 1341 citato.
958 1297 1030 1341 De
1051 1311 1179 1341 more
1198 1292 1424 1359 stapedem
1464 1297 1538 1343 vel
1570 1295 1760 1361 strepam
1783 1296 1990 1350 tenendi,
2031 1299 2145 1342 Can-

181 1366 283 1426 gius
307 1363 361 1410 ad
382 1364 656 1409 Cinnamum
689 1380 735 1428 p.
754 1378 852 1424 470
873 1359 976 1425 sqq..
1045 1363 1116 1410 Ad
1136 1365 1365 1426 equitandi
1397 1365 1708 1412 rudimentum
1741 1365 1908 1429 pueros
1941 1365 2143 1428 primum

187 1429 322 1479 dorso
344 1432 535 1478 arietum
570 1429 806 1496 impofitos
830 1429 1037 1477 obseruat
1059 1434 1214 1478 Petrus
1238 1429 1468 1480 Vifitorius
1493 1437 1614 1480 VIII.
1634 1450 1680 1492 9.
1699 1436 1857 1480 variar.
1881 1431 2144 1491 lessionum.

179 1502 252 1547 De
289 1499 496 1547 curandis
525 1503 651 1563 equis
686 1516 730 1547 et
761 1500 817 1552 de
850 1498 1116 1546 nominibus
1148 1498 1426 1563 equestribus
1460 1504 1644 1549 Graecis
1681 1519 1722 1548 et
1766 1503 1934 1548 Latinis
1965 1502 2143 1563 egregia

179 1569 328 1616 Ioach.
357 1570 603 1615 Camerarii
640 1569 964 1619 commentatio
995 1564 1144 1614 recusa
1172 1566 1310 1615 exstat
1351 1577 1480 1616 tomo
1513 1587 1585 1619 ιι.
1612 1571 1815 1635 antiquit.
1854 1573 2142 1617 Graecarum.

181 1636 311 1684 Idem
333 1637 616 1684 Camerarius
640 1635 813 1684 librum
835 1636 1154 1701 Xenophontis
1185 1637 1241 1684 de
1263 1655 1313 1685 re
1339 1637 1532 1703 equestri
1551 1639 1686 1687 latine
1716 1635 1951 1687 transtulit.

317 1774 397 1816 VI.
437 1775 506 1818 De
529 1748 690 1818 militia
711 1773 858 1820 nauali
878 1778 897 1811 5
919 1769 1047 1820 libris
1070 1789 1112 1830 4.
1142 1770 1304 1820 recusis
1327 1775 1373 1820 in
1408 1775 1567 1822 Poleni
1591 1762 1926 1840 supplementis·
1942 1767 2139 1816 thesauri

183 1838 321 1900 antiq.
342 1841 500 1885 Graec.
536 1855 579 1886 et
601 1844 731 1887 Rom.
756 1842 861 1887 Vol.
885 1857 925 1899 ς.
957 1859 1000 1905 p.
1023 1856 1138 1902 745.
1165 1843 1256 1902 egit
1278 1845 1340 1887 Io.
1361 1841 1627 1889 Schefferus.
1655 1838 1800 1903 Vpsal.
1834 1845 1970 1897 1654.
1993 1854 2036 1899 4.
2067 1838 2139 1883 cui
2161 1888 2163 1891 .
2229 1848 2251 1890 ἢ

144 1954 147 1957 ,
185 1907 314 1969 operi
337 1902 498 1951 inserta
521 1905 613 1952 diff.
642 1908 697 1953 de
719 1910 931 1955 varietate
951 1911 1133 1955 nauium
1157 1925 1268 1970 quae
1298 1915 1385 1963 ¹64
1398 1924 1436 1967 3.
1461 1908 1767 1972 4.xprodierat
1795 1923 1837 1953 et
1869 1904 2052 1970 epistola
2084 1904 2139 1951 de

182 1972 446 2019 triremibus
470 1989 675 2019 veterum
701 1977 745 2020 in
768 1979 953 2021 Centur.
984 1993 1020 2021 1.
1053 1973 1289 2039 Epistolar.
1317 1975 1533 2021 Medicar.
1557 1976 1807 2022 Bartholini
1832 1991 1931 2039 pag.
1955 1989 1977 2034 3
1993 1987 2050 2019 10
2072 1970 2134 2036 sq.

178 2041 291 2089 ›Lilii
313 2042 529 2101 Gregorii
555 2042 750 2104 Gyraldi
775 2043 829 2088 de
854 2044 1046 2102 nauigiis
1075 2041 1253 2086 libellus
1287 2056 1414 2087 tomo
1441 2059 1480 2090 1.
1504 2047 1625 2106 Opp.
1656 2046 1861 2088 Potterus
1888 2044 1966 2090 ill.
1996 2057 2053 2101 14
2076 2038 2137 2103 sq.

180 2109 481 2169 Archaeolog.
506 2111 664 2155 Graec.
685 2107 822 2172 usque
842 2110 897 2155 ad
920 2123 1001 2158 22.
1076 2110 1262 2169 Cragius
1284 2112 1358 2153 IV.
1379 2127 1418 2166 ς.
1444 2110 1497 2155 de
1521 2110 1712 2174 Republ.
1737 2113 1837 2156 Lac.
1857 2109 2136 2155 ‘stewechius
2221 2113 2224 2115 ’
2244 2082 2247 2083 ⁷

182 2176 236 2223 ad
258 2176 424 2222 librum
458 2172 673 2222 Vltimum
698 2179 878 2238 Vegetii
899 2177 955 2225 de
983 2191 1033 2221 re
1067 2177 1272 2229 militari,
1316 2181 1416 2222 Laz.
1437 2176 1611 2239 Bayfius
1633 2179 1687 2224 de
1716 2195 1764 2224 re
1788 2178 1932 2224 nauali
1952 2177 2135 2222 Bahleae

190 2259 206 2291 1
222 2258 245 2304 5
261 2260 330 2306 37.
353 2259 402 2307 4.
424 2260 467 2290 et
489 2245 642 2308 Steph.
663 2244 818 2290 Doleti
843 2261 897 2290 ex
917 2241 1112 2308 secundo
1134 2245 1228 2290 eius
1257 2248 1689 2293 commentariorum
1716 2246 1785 2293 lat.
1807 2245 1984 2305 linguae
2005 2259 2132 2289 tomo

183 2312 443 2378 decerptus,
478 2311 731 2376 Baifioque,
768 2314 894 2360 cuius
921 2314 1196 2378 epitomator
1230 2313 1415 2361 Carolus
1442 2314 1692 2379 Stephanus
1714 2313 1931 2361 Doletum
1951 2309 1972 2341 ⁶
1992 2312 2133 2376 plagii
2201 2362 2207 2367 ,

2082 2381 2131 2427 in

253 2528 269 2554 ⁵
298 2524 387 2564 Hoc
425 2537 520 2576 opus
564 2521 764 2564 Scheferus
803 2522 889 2576 post
931 2522 1074 2577 priores
1111 2510 1216 2563 curas
1248 2524 1360 2564 altera
1392 2534 1497 2578 parte
1526 2522 1670 2565 auffius
1702 2521 1802 2562 misit
1827 2521 1873 2561 ad
1899 2520 2131 2563 Elzeuirium

183 2579 234 2623 A.
258 2579 375 2626 1668.
397 2593 465 2630 pei·
490 2581 618 2620 Nicol.
643 2579 863 2625 Heinfimn,
907 2592 946 2619 vt
975 2579 1036 2618 hie
1063 2579 1102 2618 in
1137 2579 1288 2630 epistola
1322 2583 1368 2619 ad
1402 2584 1508 2625 ioan.
1530 2581 1675 2620 Frider.
1699 2580 1942 2617 Gronouium
1973 2590 2066 2618 tom.
2091 2590 2129 2632 3.
2197 2609 2202 2611 -

181 2632 350 2687 sylloges
370 2635 671 2676 Bur-nannianae
692 2651 729 2690 p.
752 2648 844 2690 537.
869 2635 1032 2675 testatur.
1091 2635 1193 2673 Vide
1218 2649 1373 2688 quoque
1399 2652 1434 2688 p.
1458 2648 1550 2690 539.
1573 2648 1609 2675 et
1627 2646 1720 2674 tom.
1742 2644 1774 2684 5.
1793 2648 1828 2688 p.
1850 2646 1915 2689 54.
1936 2639 1999 2688 50.
2017 2646 2127 2690 atque

181 2689 285 2730 loan.
309 2690 461 2730 Moneri
484 2691 683 2742 epistolam
707 2691 910 2753 praefixam
941 2692 1205 2745 lupplemento
1227 2693 1323 2732 Bibl.
1348 2706 1453 2732 meae
1473 2693 1621 2732 latinae.

238 2797 261 2824 ⁶
290 2799 389 2841 Vide
408 2799 528 2843 Mich.
549 2800 738 2844 Maittaire
757 2803 931 2845 Annales
949 2803 1219 2859 typographic.
1241 2813 1333 2846 tom.
1350 2815 1388 2859 3.
1410 2816 1447 2858 p.
1462 2801 1521 2855 136
1539 2799 1677 2856 sqq->et
1693 2815 1730 2858 p·
1749 2811 1817 2857 59.
