2263 3027
620 128 1029 185 tMMVNtTAS
1065 129 1111 181 A
1147 127 1485 186 TRmvris.
1520 172 1543 182 -
1923 131 2020 201 775'

84 254 230 313 erait&
248 256 298 303 de
319 255 360 303 la
370 254 517 304 Police.
553 256 639 304 Cui
653 256 839 304 addatur
848 256 1045 319 Coyerii
1057 256 1097 301 la
1108 255 1281 321 Nobleffie
1300 256 1657 317 θεοφηηιενςαηῖσ.
1661 254 1795 304 Parii.
1799 259 1939 320 1756.
1951 270 2023 310 12.

90 341 136 375 et
156 343 212 373 ex
236 325 492 401 german-ica
512 327 577 371 M.
601 327 636 372 Ι.
660 329 701 372 Β.
724 321 940 372 versione.
965 321 1197 370 Rostochii
1227 330 1360 385 1756
1387 333 1429 381 8.

220 393 279 442 V.
317 397 386 440 De
418 393 698 439 immunitate
731 388 1009 438 sacerdotum
1036 409 1057 437 a
1080 391 1257 438 tributis
1277 395 1388 458 apud
1407 396 1627 457 Aegyptios
1648 394 1838 441 Grotius
1858 407 1901 440 et
1926 392 2027 440 Cle-

88 461 210 511 ricus
246 460 301 507 ad
327 458 490 508 Genes.
519 463 704 509 XLVII.
729 475 805 508 22.
829 465 907 507 26.
943 459 997 505 ad
1035 475 1171 522 quem
1203 460 1354 506 locum
1386 475 1565 506 notatur
1592 462 1637 506 in
1669 464 1731 506 Io.
1767 458 2027 507 Damasceni

19 586 35 591 „
89 528 313 593 parallelis
335 543 463 576 tomo
484 541 528 579 2
546 544 591 614 Ρ.
613 540 729 587 '779-
764 525 928 578 σκὸἀιει
947 521 1072 578 οπως
1093 548 1170 589 *tw
1189 548 1275 592 προ
1305 526 1413 590 νέμε
1433 525 1765 592 οἰφορολόγὴτα
1786 527 2024 592 ἐτύγχανε

89 595 158 648 *τοὶ
177 594 406 663 προσόντα
429 603 521 646 τοῖς
548 597 727 660 ἱερεῦσι,
762 592 842 657 1(ᾳί
869 597 986 648 τὲτο
1012 597 1054 644 ἐν
1086 595 1282 647 ἐθνικοὶ.
1352 598 1490 641 Vide
1478 598 1590 657 quod
1617 602 1744 641 etiam
1777 609 1875 642 ante
1901 597 2028 660 legem

88 668 295 710 immunia
307 665 494 728 suerunt
520 661 622 708 bona
640 663 935 726 ficcerdotzcm,
974 675 1105 725 atque
1124 662 1198 709 hoc
1214 667 1332 707 intes
1351 663 1545 712 etlmz‘cffos
1616 665 1685 708 De
1707 663 1955 710 eorundem
1978 677 2028 708 vt

91 745 136 778 et
160 731 503 780 Chaldaicorum
527 728 782 777 Dostorum
814 730 1172 778 immunitatibus
1201 728 1366 777 constat
1404 748 1457 777 ex
1481 730 1688 775 Diodoro
1711 731 1858 777 Siculo
1882 730 1959 777 lib.
1992 745 2029 778 ῐ.

91 815 192 863 pag.
225 814 280 859 ¹7
303 814 346 845 et
363 806 446 852 66
469 813 512 844 et
533 797 609 844 lib.
625 815 667 845 2.
687 816 785 863 pag
814 806 891 853 82.
964 801 1032 844 De
1053 798 1150 844 aliis
1172 796 1377 859 gentibus
1399 794 1652 844 conferatur
1672 798 1844 844 Claudii
1871 799 2029 845 Arrhe-

91 869 160 915 nii
181 863 419 925 differtatio
439 866 496 912 de
519 862 849 920 sacerdotibus,
885 883 980 930 cap.
1005 879 1050 926 4.
1073 863 1276 930 Vpsaliae
1306 873 1444 925 1674.
1463 879 1508 925 4.
1580 867 1677 910 De
1667 867 1951 915 immunitate
1970 863 2030 911 ia—

89 922 326 981 cerdotum
358 933 478 998 apud
504 934 738 981 Hebraeos
774 930 934 985 confer
957 927 1277 981 Bellarminum
1298 933 1352 978 de
1374 933 1544 978 clericis
1569 948 1659 995 cap.
1694 947 1761 993 ¹9·
1788 948 1833 978 et
1858 930 2032 980 Wulfe-

90 1018 195 1048 rum
214 1000 268 1046 ad
288 1001 517 1049 Shekalim
538 1019 582 1067 p.
610 1011 684 1058 28.
710 1018 786 1062 29.
823 1000 903 1049 vbi
929 1002 983 1049 de
1005 1008 1093 1055 e0,'
1122 1018 1229 1049 num
1255 998 1373 1047 sacci
1377 1000 1532 1046 dotes
1523 1015 1744 1045 immunes
1768 999 1821 1046 ab
1843 998 2033 1046 offeren-

92 1068 152 1115 do
175 1067 731 1117 fic10.Deimmunitate
757 1068 1034 1117 sacerdotum
1066 1071 1179 1136 apud
1206 1072 1415 1115 Romanos
1444 1067 1550 1113 vide
1582 1068 1860 1114 Gutherium
1886 1066 1963 1113 lib.
1995 1084 2033 1112 1.

92 1136 268 1183 deiure
288 1134 527 1184 Pontificio
549 1155 642 1202 cap.
667 1146 741 1193 28.
764 1154 872 1185 tom
901 1154 940 1197 5.
966 1141 1130 1185 Graev.
1164 1152 1263 1201 pag.
1291 1144 1363 1193 56.
1430 1139 1501 1182 De
1536 1133 1796 1181 Christianis
1825 1152 1897 1182 res
1929 1148 2036 1181 nota

89 1203 167 1250 vel
193 1219 248 1250 ex
281 1208 322 1251 S.
345 1203 433 1251 Bas
439 1205 488 1250 lu
515 1205 712 1270 Epistola
734 1220 831 1268 279
853 1222 895 1253 et
920 1219 1030 1266 304
1054 1220 1098 1251 et
1121 1205 1274 1252 multis
1293 1202 1453 1250 sancita
1485 1202 1682 1264 legibus
1718 1218 1768 1249 vt
1788 1200 2035 1250 Constanti-

92 1272 142 1319 ni
162 1274 228 1317 M.
250 1272 389 1334 apud
392 1269 632 1328 Eusebium
654 1277 704 1319 X.
724 1287 771 1331 7.
814 1272 985 1320 Histor.
1006 1270 1168 1322 Eccles.
1197 1287 1241 1320 et
1260 1272 1476 1323 aliorum,
1516 1271 1570 1316 de
1594 1270 1755 1332 quibus
1778 1273 1840 1318 10.
1865 1274 2035 1330 Georg.

91 1337 324 1384 Reinhard
349 1338 442 1385 de
432 1355 529 1384 iure
547 1341 810 1402 Principum
830 1344 1000 1386 ..Germ
1033 1341 1148 1385 circa
1177 1336 1293 1384 sacra
1319 1355 1417 1401 pag.
1445 1351 1556 1386 201.
1589 1338 1829 1399 multisque
1859 1334 2035 1400 scriptis

94 1401 270 1456 afferta,
307 1420 502 1468 quorum
528 1422 628 1468 pars
650 1406 891 1452 laudatur
880 1424 925 1451 ιι)
950 1405 1226 1452 Bibliotheca
1249 1404 1434 1450 iuridica
1457 1405 1637 1467 Lipenii
1669 1408 1711 1451 P
1741 1421 1778 1452 1.
1805 1421 1907 1469 pag
1933 1417 2033 1465 429

96 1471 310 1519 editionis
335 1470 552 1519 recentiff
540 1490 663 1520 mae
742 1473 860 1519 Vide
888 1474 1020 1519 etiam
1051 1477 1095 1520 B.
1118 1476 1173 1521 D.
1196 1475 1260 1518 10.
1287 1471 1511 1518 Sluterum
1536 1471 1591 1517 de
1616 1469 1924 1518 ministrorum
1946 1477 2036 1517 Au

94 1536 301 1599 gustanae
341 1537 534 1586 Confess'.
566 1541 749 1593 ordine,
785 1540 1038 1600 Hamburg
1077 1546 1218 1595 1650.
1249 1555 1319 1586 12.
1355 1556 1446 1602 cap
1469 1554 1516 1600 4.
1544 1554 1587 1585 et
1619 1538 2035 1586 BartholdiKrake-

95 1606 239 1652 wirzii
262 1605 525 1666 ἒὸεῠεηέεη
557 1621 726 1657 matum
758 1605 977 1670 christliche
1009 1605 1228 1668 thigfeit
1250 1610 1313 1654 bie
1333 1608 1504 1655 ..Diona
1525 1610 1597 1653 oet
1618 1607 1804 1668 §iuben
1823 1607 1928 1669 obite
1951 1605 2038 1667 cius:

38 1724 42 1729 ,
93 1674 210 1748 setste
232 1672 360 1734 moth
388 1680 465 1723 mit
485 1673 690 1725 &tenera
719 1679 806 1723 unt)
827 1674 1026 1735 umagen
1053 1687 1100 1735 gu
1130 1669 1898 1735 tibetseben.Gryphisw.1627.4.
1967 1675 2039 1735 De

94 1740 378 1804 immunitate
397 1739 653 1791 Doffioium
688 1738 1082 1804 Professorumque
1112 1741 1417 1801 Contingius
1407 1757 1453 1785 in
1483 1740 1814 1804 antiquitatibus
1842 1741 2038 1787 academ.

94 1823 194 1872 pag.
224 1819 314 1856 112
335 1804 399 1871 sq.
440 1822 525 1867 351
558 1805 621 1870 iq.
693 1811 813 1854 Ioan.
835 1807 1110 1854 Christianus
1135 1811 1295 1854 Itterus
1317 1806 1433 1854 libro
1457 1808 1511 1855 de
1539 1807 1750 1868 gradibus
1774 1807 2038 1855 academicis

98 1891 191 1938 cap.
218 1889 288 1922 11.
318 1887 393 1923 12.
465 1876 605 1922 Nicol
610 1876 647 1920 ai
678 1875 897 1922 Borbonii
933 1872 1140 1939 opulcula
1172 1892 1271 1938 pag.
1297 1889 1391 1934 233
1414 1873 1514 1938 sq.
1546 1879 1700 1922 Petrus
1733 1874 1950 1923 Rebuffus
1982 1875 2039 1922 de

95 1940 348 2008 priuilegiis
371 1941 749 1998 Vniuerfitatum,
778 1943 1099 2004 collegiorum,
1139 1942 1489 2006 bibliopolarum
1516 1959 1558 1990 et
1583 1945 1816 2002 omnium,
1854 1945 1932 2007 qui
1955 1941 2040 1989 stu-

100 2006 232 2054 diofis
252 2007 509 2072 adiumento
530 2007 870 2063 sunt,F1·ancof.
903 2017 1043 2067 ις8ς.
1058 2017 1100 2065 8.
1124 2010 1368 2075 priuilegio
1390 2028 1524 2058 cmvi
1548 2008 1641 2075 sqq.
1711 2010 1888 2060 Christi.
1903 2007 2038 2057 Hoff

99 2092 290 2122 mannus
318 2073 373 2121 de
402 2076 758 2136 immunitatibus
789 2079 1101 2125 litteratorum.
1133 2078 1314 2127 Witteb
1348 2092 1487 2137 1712.
1556 2076 1733 2126 Christi.
1770 2078 2039 2128 Liebenthal

101 2141 157 2190 de
179 2143 431 2207 priuilegiis
452 2141 778 2200 studiosorum,
816 2162 1064 2209 eorumque
1096 2147 1173 2208 qui
1202 2144 1403 2192 studioiis
1430 2147 1702 2193 adiumento
1714 2145 1835 2201 sunt,
1870 2147 1923 2192 ad
1955 2145 2037 2191 cal-

101 2227 198 2259 cem
233 2209 412 2270 collegii
438 2211 625 2273 politici.
656 2215 890 2288 Marpurgi
933 2220 1068 2272 1644.
1093 2231 1136 2270 4.
1155 2213 1278 2260 editi.
1358 2215 1659 2273 Angariorum
1683 2213 1973 2278 praestatione
1993 2225 2037 2258 et

101 2277 354 2354 recipiendi
378 2274 565 2342 hoipitis
598 2276 841 2325 ncceffitate
876 2283 986 2327 imn
992 2296 1098 2325 unes
1117 2277 1389 2325 Professores
1411 2280 1624 2325 litter-aru·
1618 2297 1673 2326 n.
1743 2281 1860 2327 Vide
1883 2278 2037 2326 Schul-

104 2346 297 2406 tingium
324 2362 368 2408 p.
393 2353 503 2394 216.
525 2344 1306 2409 IurisprudentiaAnteiustmianeae
1377 2349 1446 2392 De
1465 2348 1715 2409 priuilegiis
1736 2348 2036 2393 litteratorum

103 2413 222 2479 apud
245 2412 477 2461 Hebraeos
501 2416 620 2460 Ioan.
649 2415 818 2475 Leonli.
835 2416 1016 2474 {Lentzii
1048 2411 1287 2460 diflertatio
1313 2413 1484 2479 prodiit
1506 2414 1836 2474 Witeb.1700.

243 2483 314 2526 De
340 2476 654 2542 largitionibus
680 2470 983 2528 frumentariis
1011 2485 1034 2519 7
1070 2484 1406 2534 Romanorum,
1456 2477 1824 2528 vilcerationibus
1854 2479 2037 2546 aliisque

103 2543 198 2594 eius
222 2549 397 2609 generis
424 2563 474 2594 vt
501 2551 654 2613 panis,
687 2548 799 2601 olei,
839 2550 982 2595 carnis
1006 2550 1242 2612 porcinae,
1279 2515 1470 2595 vestiiim
1497 2548 1818 2596 donationibus
1841 2550 2038 2626 publicis

1020 2618 1068 2662 T
1104 2629 1133 2665 2
1968 2620 2036 2665 vi-

10 2734 12 2742 ‚
76 2668 80 2673 Ι
132 2687 179 2719 ⁶
206 2658 484 2746 Bibliotheq'u'e
491 2692 554 2732 des
573 2694 743 2733 Sciences
764 2703 801 2733 et
820 2691 942 2731 beaux
961 2695 1052 2732 Arts
1080 2693 1129 2731 Τ.
1153 2693 1206 2731 V.
1231 2707 1317 2745 pag.
1341 2702 1434 2742 290
1458 2695 1520 2732 N.
1555 2694 1605 2733 L.
1619 2694 1660 2737 t..
1688 2698 1803 2749 1756
1832 2693 1919 2751 p'ag.
1937 2708 2035 2750 777.

103 2745 233 2795 Varii,
260 2749 325 2798 qui
336 2747 540 2788 occasione
563 2748 672 2788 huius
700 2748 825 2799 scripti
849 2748 937 2787 editi
962 2747 1048 2788 suut
1077 2748 1218 2794 libelli,
1249 2747 1385 2799 quibus
1415 2748 1573 2801 Coyerii
1604 2749 1798 2791 confilium
1824 2753 1881 2791 vel
1908 2752 2034 2804 impu-

102 2796 248 2852 ginatur
261 2802 319 2842 vel
346 2801 585 2853 defenditur,
623 2805 861 2844 recensentur
890 2814 986 2845 tom.
1012 2805 1051 2848 6.
1083 2802 1256 2846 eiusdem
1283 2803 1535 2845 Bibliothecae
1562 2803 1798 2847 scientiarum
1828 2817 1865 2848 et
1896 2807 2036 2849 artium

101 2855 351 2909 legantiotum
366 2871 451 2913 pag
471 2870 550 2913 235
573 2858 652 2914 sqq.
