2263 3027
243 137 339 192 248
700 126 906 181 CAP.
942 124 1071 180 V11.
1139 118 1728 180 CHRONOLOGr

241 266 299 300 ex
320 253 629 300 monumentis
655 252 856 301 Arabicis
877 267 1135 318 excerptam
1154 249 1403 306 subiunxit,
1440 253 1487 299 in
1510 269 1595 317 qua
1615 253 1775 315 allegat
1795 253 1913 301 inter
1935 254 2018 301 alia
2033 253 2175 301 libros

240 320 577 368 Chronicorum
600 323 816 383 Gregorii
835 321 1115 376 Barhebraei,
1146 319 1393 369 Historiam
1416 323 1622 384 gentium
1644 319 1840 369 Ismaelis
1877 319 2177 369 Sciahinsciah

239 401 285 436 et
304 390 568 436 Chronicon
590 393 788 437 Hamza:
809 386 1145 455 Asplahanenfis
1167 387 1318 437 Persae
1337 406 1380 437 et
1400 408 1443 455 p.
1460 405 1571 437 201.
1608 405 1733 437 notat
1759 407 1814 437 ex
1837 390 2038 438 Arabum
2054 407 2178 436 men-

239 469 285 503 te
304 457 505 505 incidere
527 459 749 520 Hegiram
775 460 822 504 in
843 463 895 505 A.
920 462 969 505 C.
995 467 1104 520 631.
1153 459 1427 504 Diocletiani
1450 455 1478 504 s.
1503 461 1763 522 Martyrum
1787 472 1896 521 339.
1943 456 2178 515 Affiacum

240 526 352 583 652.
389 525 442 572 ab
464 526 711 573 Alexandri
724 530 803 574 M.
825 525 1016 573 νίἃοτίῑι
1035 519 1147 589 934.
1180 544 1203 573 a
1225 524 1693 572 Nabuchodonosoris
1717 529 1846 587 regni
1867 527 1999 573 initio
2034 529 2196 586 1369?

238 609 264 641 a
281 591 422 640 Mosis
460 593 588 642 obitu
617 602 763 657 2348.
795 612 819 642 a
851 595 985 644 natali
1005 593 1216 643 Abraami
1236 605 1379 654 2893.
1429 611 1454 639 a
1477 594 1650 641 diluuio
1678 609 1820 658 3974.
1843 610 1886 641 et
1909 611 1932 641 a
1955 590 2051 641 casu
2066 593 2177 641 Ada-

238 664 305 711 mi
321 668 465 714 6216.
543 688 546 691 -
1640 696 1644 700 -

373 734 583 795 Georgius
600 731 846 785 Elmacinus,
882 728 1039 778 itidem
1063 727 1354 781 Christianus,
1377 728 1529 775 medio
1551 725 1722 776 saeculo
1749 728 2066 776 tertiodecimo
2096 728 2179 775 cla·

236 811 312 845 rus
335 794 504 863 scripsit
526 797 779 847 Historiam
801 798 891 846 siue
911 800 1174 846 Chronicon
1198 796 1249 843 ab
1274 796 1399 844 Orbe
1423 796 1609 842 condito
1634 814 1775 861 vsque
1799 798 1853 843 ad
1876 804 1927 844 A.
1957 800 2006 843 C.
2040 811 2089 844 11
2108 804 2179 852 ¹8.

236 867 362 913 cuius
385 868 590 931 priorem
609 883 784 933 partem
806 883 948 931 vsque
971 865 1026 913 ad
1046 865 1369 912 Muhamedem
1390 867 1436 910 in
1458 863 1571 912 Bibl.
1605 867 1889 926 Seguieriana
1920 868 2013 912 MS.
2057 864 2180 910 euol-

235 935 304 980 uit
324 934 644 991 Eechellenfis‚
678 952 730 983 vt
751 934 930 983 testatur
949 934 1003 980 ad
1026 935 1293 980 Chronicon
1308 937 1395 980 Or.
1420 948 1462 979 et
1484 935 1530 978 in
1553 935 1781 996 Eutychio
1814 931 1892 979 suo
1924 933 2177 979 vindicato:

234 1002 292 1048 In
311 1001 662 1065 Cantabrigiensi
684 1003 796 1051 Bibl.
825 1002 1014 1051 eandem
1036 1018 1211 1066 partem
1245 1002 1403 1048 litteris
1426 998 1692 1066 descriptam
1717 1003 1909 1065 Syriacis
1931 1001 2064 1062 legit,
2101 1001 2179 1063 qui
2261 1062 2263 1064 Ι

235 1065 425 1116 subinde
448 1087 502 1117 ex
523 1067 811 1118 ‘ea‘nonnihil
840 1068 1019 1136 profert
1049 1072 1095 1116 in
1124 1069 1308 1116 historia
1339 1069 1561 1116 Orientali
1593 1071 1918 1131 Hottingerus:
1955 1066 2180 1133 posterior

234 1132 315 1184 sub
342 1137 475 1184 titulo
498 1136 727 1186 Historiae
761 1141 1037 1186 saracenicae
1069 1138 1241 1203 prodiit
1263 1155 1317 1184 ex
1337 1138 1549 1201 Thomae
1567 1139 1758 1201 Erpenii
1787 1135 1992 1184 versione
2021 1137 2181 1182 Latine

234 1205 381 1268 Lugd.
403 1209 492 1253 Bar.
512 1214 705 1269 1625.4.
741 1223 844 1255 cum
865 1206 1077 1253 Roderici
1100 1208 1314 1252 Ximenes
1341 1203 1714 1269 Archi-Episcopi
1740 1205 1955 1251 Toletani
1977 1202 2182 1251 Historia

233 1272 459 1320 Arabum:
495 1288 538 1321 et
564 1275 748 1323 Arabice
768 1292 814 1321 ac
837 1276 992 1322 Latine
1015 1291 1118 1321 cum
1139 1273 1295 1321 eadem
1319 1271 1523 1321 versione
1546 1275 1820 1337 Erpeniana,
1859 1287 2041 1319 curante
2062 1275 2181 1317 Iaco-

233 1338 296 1388 bo
316 1341 481 1395 Golio,
514 1341 686 1390 ibidem
706 1359 837 1407 atque
858 1344 1021 1389 eodem
1040 1359 1159 1389 anno
1183 1343 1230 1387 in
1262 1338 1343 1387 fol.
1415 1340 1586 1387 Laudat
1617 1338 1806 1386 subinde
1830 1339 2182 1401 Chronologum

232 1421 278 1457 et
300 1409 528 1458 Chronica
548 1409 924 1467 Christianorum,
950 1407 1026 1456 sed
1050 1407 1140 1454 fine
1161 1409 1360 1453 nomine.
1610 1468 1612 1470 v
2130 1421 2137 1428 ·
2173 1417 2178 1421 ·

401 1479 533 1524 Extat
564 1492 607 1524 et
629 1477 863 1525 Chronicon
890 1479 1235 1529 samaritanum,
1272 1473 1362 1522 siue
1394 1473 1583 1529 Arabica
1602 1471 1747 1521 versio
1772 1473 1991 1521 Chronici
2014 1473 2181 1520 veteris

232 1545 497 1601 Samaritani
526 1544 578 1592 ab
600 1542 784 1593 ’excessu
821 1543 960 1592 Mosis
990 1543 1045 1590 ad
1086 1558 1296 1608 tempora
1327 1544 1695 1595 Antoninorum,
1748 1560 1882 1606 quam
1912 1543 2197 1588 Samariticis·

232 1610 443 1678 scripmm
465 1612 627 1660 litteris
647 1613 702 1660 ad
724 1609 972 1678 Iosephum
992 1611 1266 1673 Scaligerum
1290 1628 1313 1656 a
1333 1612 1616 1656 Samaritanis
1636 1607 1808 1661 miffam
1835 1628 1889 1658 ex
1919 1611 2013 1657 eius
2034 1610 2181 1671 legato

232 1684 330 1730 MS.
350 1677 541 1746 poffidet
561 1679 842 1727 Bibliotheca
868 1679 1048 1743 publica
1078 1675 1305 1724 Leidenfis
1327 1677 1613 1731 Academiae,
1650 1695 1705 1724 ex
1738 1696 1829 1741 quo
1862 1679 2182 1742 apographum

234 1750 290 1798 in.
313 1747 426 1795 Bibl.
455 1749 762 1795 Mazariniana
794 1747 904 1808 legit
935 1743 1256 1800 Ecchellenfis,
1299 1744 1457 1809 quiid
1488 1745 1634 1791 laudat
1664 1746 1712 1789 in
1747 1744 1950 1790 Historia
1976 1743 2181 1791 Arabum

234 1824 335 1883 pag.
364 1830 469 1874 145.
519 1835 523 1843 N
544 1812 784 1879 Descripsit
803 1816 937 1879 etiam
960 1814 1266 1876 Hortingerus
1288 1828 1330 1860 et
1352 1830 1405 1859 ex
1435 1829 1488 1860 eo
1511 1813 1607 1859 loca
1627 1829 1650 1858 a
1672 1808 1714 1857 se
1735 1813 1894 1859 Latine
1924 1809 2180 1858 versa'hinc

235 1884 343 1934 inde
363 1884 521 1946 allegat
545 1884 593 1929 in
614 1883 827 1931 Enneade
848 1880 941 1931 diff.
962 1883 1012 1929 in
1037 1880 1240 1929 Historia
1260 1881 1484 1929 Orientali
1503 1895 1547 1927 et
1567 1880 1663 1926 aliis
1682 1877 1856 1944 scriptis
1874 1914 1885 1934 ,
1923 1894 2056 1942 atque
2074 1881 2183 1944 Epi-

235 1967 393 2001 tomen
412 1953 506 1999 eius
529 1951 640 1998 libri
660 1953 819 1999 Latine
840 1949 1029 1998 subiecit
1047 1948 1454 1997 Exercitationibus
1476 1950 1849 2001 Anti-Morianis‚
1877 1946 2046 1994 librum
2067 1949 2181 1994 inte-

151 2024 155 2029 ’
235 2015 371 2085 grum
386 2021 522 2068 'etiam
545 2019 776 2086 publicare
799 2019 1052 2084 pollicitus,
1087 2018 1212 2081 quod
1231 2033 1381 2064 tamen
1403 2018 1550 2063 morte
1582 2030 1850 2081 praeuentus
1882 2011 2030 2063 facere
2059 2015 2181 2062 ha'ud

235 2091 410 2156 p'o'tufr't‘e
432 2084 685 2153 Descripsit
704 2088 837 2134 etiam
857 2086 1042 2134 Iacobus
1065 2085 1232 2134 Golius
1251 2087 1375 2132 cuius
1398 2086 1711 2149 apographum
1742 2101 1879 2131 manu
1910 2085 2004 2130 eius
2024 2081 2181 2148 paffim

237 2156 530 2213 emendatum
547 2153 721 2203 seruare
740 2152 783 2202 se
807 2152 985 2201 testatur
1004 2157 1061 2202 V.
1076 2156 1124 2202 C.
1149 2153 1405 2200 Hadrianus
1427 2153 1666 2212 Relandus‚
1701 2154 1780 2216 qui
1803 2169 1856 2198 ex
1877 2151 1957 2198 illo
1984 2151 2182 2198 nonnul-

238 2226 284 2274 l'a
299 2222 430 2274 affert
452 2231 580 2290 parte
601 2243 644 2274 2.
680 2221 772 2272 diff.
786 2220 970 2272 Miscell.
990 2238 1026 2271 1.
1064 2225 1345 2287 Computum
1366 2223 1691 2269 samaritanum
1712 2237 1813 2268 cum
1836 2221 1956 2267 notis
1978 2216 2065 2267 suis
2077 2219 2182 2266 vul-

238 2297 360 2358 gauit
385 2293 578 2357 Scaliger
600 2292 714 2340 VH?
737 2292 793 2339 de
816 2291 1035 2340 emendat.
1060 2306 1324 2356 temporum
1347 2307 1445 2355 pag.
1471 2298 1581 2351 657.
1600 2286 1692 2352 seq.
1760 2291 1817 2335 Et
1841 2288 2182 2350 Chronologiae

239 2364 536 2411 Samaritanae
567 2359 793 2427 Synopsin
824 2377 880 2408 ex
911 2359 1212 2427 Abulphetacho
1243 2361 1451 2423 Danejaeo
1473 2372 1732 2423 excerptam
1762 2353 1814 2404 ab
1849 2357 1953 2403 viro
1977 2353 2181 2404 -doffiffiss

242 2448 320 2479 mo
340 2431 552 2481 Eduardo
584 2429 848 2481 Bernhardo
876 2425 1124 2496 Lipfienses
1155 2424 1381 2477 inseruere
1405 2425 1530 2477 Astis
1552 2427 1851 2476 Eruditorum
1873 2428 2010 2474 Anno
2041 2431 2179 2487 1691.

243 2504 518 2578 pag.16'7.'
580 2517 582 2520 ’
656 2515 665 2521 ”

419 2634 502 2677 VI.
565 2635 634 2682 Ex
656 2632 895 2684 Chronicis
915 2629 1139 2681 historicis
1160 2629 1413 2680 recentibus
1435 2647 1577 2696 quum
1596 2626 1767 2691 exstent
1785 2625 1975 2681 infiniti,
2012 2640 2178 2693 paucos

250 2712 423 2748 tantum
444 2715 799 2763 commemorare
821 2703 942 2748 iuuat
962 2701 1205 2749 Annalium
1230 2702 1417 2767 quidem·
1433 2703 1611 2748 Veteris
1632 2696 1910 2746 Testamenti
1938 2693 2178 2762 scriptores

254 2767 444 2818 Iacobum
474 2767 711 2825 Scamnum,
744 2770 1013 2834 Augustinum
1037 2770 1317 2831 Tornicllum‚
1354 2771 1590 2820 Henrtcum
1617 2767 1906 2836 Spondanunz,
1937 2779 2069 2830 atque
2106 2761 2181 2810 his

1966 2842 1972 2847 '
2071 2844 2177 2881 neu-
