2263 3027
504 89 878 156 MIRACVLA
944 89 1131 144 VERA
1199 74 1297 146 ΕΤ
1346 96 1649 151 ἚΑιςΑ.»
1754 157 1758 162 st
1908 101 2042 158 617⁷

78 231 237 267 eontra
258 214 431 266 Celsum
454 233 498 284 p.
518 220 563 268 6.
597 222 644 266 B.
662 216 868 265 Bebeliu's
887 218 1109 280 Antiquit.
1130 217 1290 268 Eccles.
1311 223 1428 270 Saec.
1451 239 1497 280 4.
1516 226 1717 273 Tom.·2.
1734 237 1780 285 p.
1794 225 1889 282 958
1912 213 1999 280 seq.

73 286 251 335 ,Tobias
273 284 518 333 Pfannerus
540 288 586 334 in
604 284 790 332 diatriba
808 284 864 332 de
885 282 1218 334 charismatibus
1238 287 1327 335 siue
1354 290 1484 349 donis
1506 287 1775 338 miraculosis
1797 287 2005 348 antiquae

77 352 306 408 Ecclefiae‚
326 350 531 401 Francof.
553 359 688 409 1680,
715 354 790 400 12'.
829 351 1094 399 Dodwellus
1113 353 1205 401 diff.
1219 366 1261 405 2ss
1283 357 1337 404 ad
1359 360 1590 405 Irenaeum
1611 352 1905 405 etGotfridus
1918 358 2003 399 Ar·

78 421 243 468 noldus
264 423 310 468 in
336 437 474 487 opere
491 419 613 467 edito
634 420 906 467 Germanice
938 420 992 466 de
1014 424 1274 484 primorum
1304 424 1661 472 Christianorum
1688 427 1780 482 vita
1800 438 1842 470 et
1864 418 2002 467 mori·

54 487 161 541 ,bus
180 488 299 536 libro
320 503 365 548 7.
408 490 542 536 Haud
564 487 756 533 omnino
777 484 865 547 fide
886 487 1020 548 digna
1041 486 1147 544 effe,
1162 507 1287 553 ⁷quae
1314 491 1370 539 de
1392 489 1737 560 miraculispost
1756 486 2001 555 Apostolo-

77 572 180 602 rum
202 571 407 621 tempora
427 557 472 602 in
487 552 661 602 ecclefia
680 556 947 619 perpetratis
968 571 1216 610 narrantur,
1240 560 1445 607 euincere
1456 558 1620 607 studuit
1631 564 1834 622 Conyers
1847 553 2002 603 Midd-

75 622 214 676 leton,
235 624 420 686 Anglus,
444 627 498 670 A.
517 636 658 681 1750.
681 621 752 668 die
775 638 835 667 22
859 622 963 668 Iulii
989 623 1186 677 denatus,
1208 639 1306 670 tum
1325 627 1373 672 in
1393 626 1728 675 introduffione
1745 630 1787 664 Ι7
1810 624 1863 671 ad
1886 637 2003 687 opus
2035 671 2037 673 .
2116 616 2125 619 ⁷

73 689 282 738 vberius:
316 694 379 737 An
397 687 695 751 introdu'biory
714 689 932 753 Distdurfi’
950 702 993 736 to
1013 707 1040 736 a
1062 691 1210 756 larger
1239 695 1372 746 Work,
1395 700 1642 760 concerning
1661 695 1732 742 the
1748 691 2002 739 miraculom

56 767 245 823 powers,
263 756 396 806 which
415 756 704 822 arefitpposbd
719 768 763 802 to
779 757 886 803 have
893 755 1086 820 sulfisted
1093 763 1138 804 in
1157 757 1228 804 the
1240 759 1451 823 Chrzstian
1465 761 1649 815 Church,
1662 762 1839 810 Londim'
1857 771 2003 817 1747.

71 829 171 885 ''7²4-
196 826 416 886 euulgata;
439 838 538 870 tum
557 825 604 869 in
624 820 722 887 ipso
741 840 881 889 opere
901 824 1126 882 vberiore,
1140 825 1182 859 ¹⁸
1199 827 1402 874 Londini
1424 843 1614 890 1749,4.
1630 827 1721 877 ,sub
1743 829 1831 874 hoc
1853 824 2003 872 indice

60 894 121 940 ..in
142 892 286 940 lucem
311 888 489 939 emisso:
529 893 568 938 Α
572 891 673 955 free
691 893 873 956 Inquirjy
894 897 984 940 into
1003 892 1073 939 the
1091 894 1347 941 miraculous
1365 898 1547 951 Pomm,
1566 896 1697 945 which
1719 912 1796 941 are
1804 890 2007 959 ficppost’d

69 972 114 1006 to
141 957 442 1022 haziefitbsisted
468 963 514 1005 in
545 959 615 1005 the
637 958 843 1021 Christian
860 959 1047 1014 Chardi,
1068 960 1192 1024 from
1219 960 1289 1007 the
1319 963 1477 1025 earliest
1497 965 1601 1028 Ages
1631 961 1815 1028 through
1833 957 2008 1022 fiveral

56 1027 277 1089 fiwcffve
295 1027 533 1075 Centuries.
610 1026 681 1087 By
699 1026 832 1074 lvhich
858 1032 895 1072 it
913 1032 951 1073 is
957 1027 1000 1090 s
996 1027 1134 1082 heim,
1164 1026 1262 1074 that
1284 1036 1345 1076 we
1363 1029 1469 1087 have
1494 1047 1546 1076 no
1553 1029 1763 1092 fiafficient
1791 1026 1937 1088 reason
1957 1037 2003 1070 to

64 1090 240 1148 believe,
274 1109 381 1161 upon
410 1094 481 1141 the
498 1092 729 1158 Authorify
751 1096 802 1160 of
817 1095 888 1142 the
896 1100 1125 1162 primitive
1139 1095 1330 1150 Fam-rs,
1360 1096 1455 1144 that
1482 1114 1566 1159 any
1582 1097 1687 1159 ficch
1704 1100 1873 1144 Poivers
1890 1102 2004 1140 lvere

64 1165 290 1209 continued
304 1174 349 1208 to
368 1162 437 1209 the
457 1161 636 1215 Church,
653 1162 769 1226 after
789 1161 860 1209 the
887 1166 1006 1226 Days
1026 1164 1077 1228 of
1082 1162 1154 1220 the
1171 1163 1357 1230 Apostles.
1413 1167 1540 1213 Haec
1568 1167 1707 1227 igitur
1724 1159 2006 1211 Middletoni

67 1225 285 1277 sententia
308 1227 450 1292 quum
468 1247 550 1286 nec
577 1228 789 1276 omnibus
810 1227 898 1278 sese
920 1230 1148 1296 probaret,
1169 1247 1251 1278 nec
1271 1230 1465 1297 probare
1487 1230 1654 1298 posset,
1676 1231 1933 1295 Anglorum
1953 1228 2004 1274 in

67 1298 230 1360 primis
247 1294 505 1356 Theologis
533 1298 728 1342 nimium
755 1294 852 1343 fere
886 1302 1067 1345 Parrum
1097 1297 1298 1346 ecclesiae
1315 1297 1567 1347 anaoritati
1587 1298 1904 1353 tribuentibus,
1930 1312 2005 1342 va-

68 1364 147 1410 riis
169 1362 243 1408 illa
264 1359 462 1425 scriptis,
492 1361 654 1425 quibus
681 1360 757 1408 ista
777 1363 1053 1429 Middletoni
1080 1361 1296 1411 sententia
1326 1381 1585 1430 oppugnata
1614 1366 1688 1420 est,
1724 1363 2003 1413 occasionem

70 1429 207 1478 dedit.
277 1432 402 1492 Qae
426 1431 579 1475 omnia
601 1445 806 1476 enarrare
828 1432 1042 1493 quoniam
1066 1447 1148 1477 nec
1171 1429 1358 1478 instituti
1379 1431 1520 1480 nostri
1541 1432 1615 1490 est,
1634 1450 1714 1480 nec
1727 1433 1908 1490 limites,
1931 1431 2000 1476 in-

69 1510 135 1543 tra
158 1512 270 1559 quos
294 1511 476 1542 conatus
499 1494 638 1542 nostri
656 1497 893 1543 coercendi
915 1495 1030 1556 sunt,
1048 1500 1333 1563 permittunt,
1354 1497 1514 1548 sufficit
1532 1501 1664 1548 nobis
1684 1497 2004 1548 lestoresable·

67 1580 171 1625 gare
190 1563 242 1609 ad
264 1561 590 1626 praefationem
605 1597 615 1617 ,
647 1580 782 1627 quam
812 1564 1142 1612 Celeberrimus
1164 1566 1481 1615 Windhemius
1504 1568 1868 1633 interpretationi
1898 1580 2003 1628 ger-

63 1632 264 1678 manicae
283 1630 387 1677 libri
406 1631 771 1688 Middletoniani,
793 1648 905 1695 quae
930 1649 1031 1679 cum
1052 1629 1290 1679 subiunfi’co
1309 1637 1515 1682 examine
1536 1636 1709 1699 prodiit
1730 1639 2003 1683 Hanouerae
2022 1639 2035 1645 χ

71 1713 193 1759 ι7ςι
213 1733 225 1752 ,
249 1714 293 1753 4.
324 1698 577 1761 -praernifitt
616 1714 660 1745 et
692 1699 745 1745 ad
767 1698 993 1747 Historiae
1023 1698 1329 1748 eccleflasticae
1362 1705 1493 1750 Ienae
1511 1699 1730 1751 sumtibus
1755 1699 2004 1764 Hartungii

63 1765 290 1826 euulgatae
308 1769 445 1812 Tom.
463 1781 501 1828 3.
528 1781 625 1829 pag.
655 1780 746 1826 149
762 1783 795 1813 ι.
819 1768 924 1815 edit.
946 1770 992 1813 in
1015 1785 1063 1825 4.
1093 1768 1304 1815 editionis
1320 1786 1471 1824 ,autem
1496 1772 1542 1817 in
1566 1771 1837 1825 duodecimo
1859 1767 2002 1826 conti·

65 1848 180 1880 nuat.
204 1834 357 1879 tertiae
382 1848 554 1896 partem
577 1834 753 1879 tertiam
766 1851 807 1898 p.
826 1850 965 1897 1927.
978 1835 1056 1882 vbi
1077 1835 1382 1883 controuersia
1399 1836 1475 1884 ista
1499 1838 1739 1902 diligenter
1759 1849 2001 1885 enarratur.

67 1902 276 1945 Ceterum
309 1901 384 1946 vel
411 1897 623 1965 peruerso
655 1901 850 1963 quodam
882 1905 1081 1967 purioris
1109 1901 1340 1951 doftrinae
1368 1902 1678 1954 defendendae
1709 1904 1877 1958 studio,
1925 1900 2001 1949 vel

63 1965 388 2031 praeiudicatae
412 1970 643 2031 opinionis
664 1965 847 2016 feruore
867 1970 1103 2037 abreptum
1123 1968 1252 2018 fuisse
1272 1973 1633 2029 Middletonum‚
1656 1989 1707 2021 vt
1728 1974 1803 2021 vel
1823 1965 2002 2037 apertis·

64 2033 173 2081 fima
194 2048 236 2078 et
256 2029 341 2078 fide
365 2033 722 2095 digniffimoru‘m
753 2038 959 2085 virorum
991 2038 1257 2087 testimoniis
1287 2040 1579 2106 comprobata
1608 2042 1820 2089 miracula
1848 2042 1895 2086 in
1926 2037 2003 2084 du-

62 2101 193 2149 bium
216 2099 410 2155 vocaret,
429 2103 574 2164 quiuis
603 2118 698 2150 rem
720 2122 856 2169 aequa
877 2107 1034 2154 iudicii
1062 2107 1186 2155 lance
1204 2109 1462 2173 ponderans
1483 2110 1601 2157 haud
1631 2107 1870 2157 difficulter
1898 2121 1999 2170 per-

62 2167 234 2234 spiciet.
306 2170 469 2230 Neque
489 2172 609 2215 enim
633 2167 803 2218 saeculo
828 2177 960 2223 tertio
981 2175 1113 2240 plane
1133 2177 1222 2222 iam
1244 2175 1369 2224 defiit
1394 2179 1715 2224 miraculorum
1736 2188 2001 2241 perpetran-

66 2238 232 2285 dorum
256 2252 432 2281 munus.
498 2239 703 2299 Qamuis
725 2245 846 2294 enim,
869 2256 920 2288 vt
940 2243 1090 2290 verbis
1112 2259 1293 2290 Vtamur
1315 2247 1354 2290 S.
1379 2247 1432 2289 V.
1466 2248 1586 2291 Ioan.
1608 2248 1778 2306 Georg.
1804 2239 1998 2290 Walchii

64 2308 126 2353 H.
147 2306 198 2350 E.
221 2306 350 2350 N.T.
382 2319 429 2367 p.
454 2316 588 2363 1027.
622 2310 665 2351 in
686 2307 786 2361 iuis,
821 2325 926 2371 quae
942 2313 991 2356 de
1012 2311 1230 2356 miraculis
1262 2316 1359 2357 aeui
1375 2310 1499 2358 huius
1516 2330 1542 2358 a
1551 2309 1837 2378 firiptoribus
1856 2308 1997 2354 relata.

54 2370 269 2427 babemus,
298 2371 430 2416 multa
454 2371 521 2417 vel
529 2371 662 2434 fhlfa,
691 2374 758 2419 vel
774 2374 899 2422 dubia
919 2394 967 2424 ac
973 2377 1163 2445 fiilpeffa
1171 2379 1286 2440 sint5
1310 2394 1392 2426 non
1401 2378 1539 2440 solida
1562 2393 1701 2425 tamen
1721 2374 1853 2441 cauffa
1878 2374 1998 2437 adtst,

64 2444 203 2488 omnia
220 2439 440 2485 reiiciendi
455 2471 466 2491 2
483 2451 561 2485 aut
583 2438 836 2499 affirmandi
855 2457 996 2491 aetate
1013 2446 1091 2493 hac
1105 2447 1227 2513 plane
1243 2447 1355 2492 n'ulla
1371 2448 1577 2502 miracula
1586 2446 1707 2511 sacia
1726 2441 1810 2507 effe.
1843 2468 1910 2478 ——-
1927 2468 1997 2477 --

65 2533 131 2544 ····
154 2506 220 2555 ’Ῑᾶ
230 2512 340 2554 enim
353 2507 397 2568 st
413 2510 506 2568 ‘luis
516 2509 794 2564 ίθῃΐίήἅθνθΐ»
816 2512 1016 2574 aduerfhs
1033 2527 1099 2561 tot
1111 2526 1308 2563 veterum
1316 2514 1583 2581 firiptorum
1603 2513 1997 2576 testimoniatemere

160 2597 163 2598 ⁷
696 2600 701 2607 ’
1000 2592 1004 2595 ’
1141 2582 1234 2629 Hh
1263 2581 1337 2628 hh
1376 2597 1402 2642 3
1681 2637 1685 2640 ,
1900 2583 1998 2644 'age-

122 2684 158 2712 ιγ
186 2682 321 2726 Kraftii
337 2685 565 2727 Bibliotheca
591 2682 803 2741 theologica
826 2687 984 2733 P.x1x.
1004 2688 1141 2747 .p‚79‘7
1155 2689 1234 2745 sqq,

62 2734 319 2849 μζςΚΓὲἓῖιὶὶ
342 2742 577 2787 Bibliotheca
597 2741 819 2798 theologica.
845 2746 943 2789 Part.
963 2749 1059 2790 XLI.
1078 2762 1166 2805 pag.
1179 2759 1231 2805 43
1244 2744 1327 2803 sqq.
1354 2747 1511 2792 Iourna'l
1529 2748 1788 2805 Britannique.
1805 2747 1934 2789 Tome
1945 2746 1994 2788 11.
