2263 3027
202 101 298 159 806
795 97 945 151 CAP.
982 97 1124 150 XVI.
1152 123 1156 131 ·
1195 98 1289 151 DE
1323 97 1572 151 VSVRIS.

199 243 307 289 agro
344 224 566 281 colende,
611 223 686 271 vel
719 239 769 271 re
795 225 1002 289 pecuaria
1034 221 1290 272 sustinebat*
1310 226 1465 277 vitam.
1535 220 1671 272 Conf.
1700 222 2061 287 stillingfleetum
2091 229 2139 275 in

198 293 383 359 epistol-a
405 294 459 339 ad
482 289 676 339 Deistam
701 309 803 357 pag.
832 307 919 342 122
945 290 1008 356 sq.
1034 307 1078 340 et
1099 296 1221 340 Ioan.
1241 297 1356 341 Dav.
1382 293 1618 340 Michaelis
1638 296 2064 341 comment-ationem
2087 296 2144 343 de

198 376 351 409 mente
376 376 417 407 et
436 363 611 407 ratione
631 362 742 422 legis
763 359 941 407 vsuram
965 359 1262 425 prohibentis.
1287 358 1461 407 Erfurti
1493 371 1630 422 1746.
1659 377 1703 424 4.
1777 361 1914 425 Apud
1940 360 2145 409 Christia-

199 446 284 478 nos
307 429 491 475 Clericis
511 425 672 475 foenus
693 430 893 492 accipere
916 427 1402 476 i11terdi&umCanone
1432 436 1504 489 36.
1537 428 1798 493 Apostolico
1813 466 1824 484 ,
1862 432 2045 475 Canone
2072 445 2144 480 10.

199 498 448 549 Trou-ano,
490 499 673 551 Canone
701 513 742 558 ς.
761 494 977 549 Ecclesiae
998 495 1246 550 Africanae,
1281 494 1475 560 aliisque.
1544 494 1715 544 Confer
1735 494 1906 542 Salmas.
1929 496 1983 542 de
2005 493 2148 543 vsuris

199 581 298 630 pag.
325 569 421 627 633
448 561 509 627 sq.
581 566 878 610 Sirmondum
900 579 1028 611 tomo
1060 580 1097 613 1.
1123 581 1314 629 operum
1340 562 1372 613 f.
1399 571 1509 620 861.
1580 562 1824 629 Iosephum
1849 565 2149 626 Binghamum

200 634 278 681 lib.
304 643 346 682 6.
372 634 535 694 origin.
560 631 796 679 Ecclefiast.
817 649 909 697 cap.
934 646 981 684 2.
1000 647 1044 680 et
1070 632 1314 679 Aufi'corem
1338 630 1442 678 libri
1477 634 1544 679 cui
1570 634 1747 679 titulus:
1798 636 1979 695 Dogma
1996 633 2151 678 Eccle-

201 699 284 748 fiae
306 702 420 746 circa
451 697 626 747 vsuram
663 698 915 765 expositum
947 716 990 747 et
1020 701 1310 748 vindicatum.
1331 697 1506 747 ‘Infulis
1542 715 1669 762 1730.
1692 717 1738 763 4.
1809 703 1975 764 Neque
2000 698 2152 747 defue-

201 784 331 825 runt,
368 771 446 832 qui
469 768 682 816 omnibus
702 765 855 816 vsuras
877 763 1051 815 illicitas
1078 766 1162 816 effe
1194 771 1548 833 pronunciarent
1578 769 1851 815 Christianis.
1921 767 2039 814 Vide
2069 771 2151 830 La-

200 834 421 885 &antium
450 840 525 883 VI.
566 846 634 894 ¹8-
703 833 910 885 Ambros.
941 835 1017 883 lib.
1051 837 1106 884 de
1138 836 1288 883 Tobia
1322 853 1414 900 cap.
1449 850 1476 885 2
1501 834 1560 899 sq.
1631 839 1734 882 Nic.
1771 833 2010 882 Cabafilam
2041 839 2180 882 orat(

204 920 362 952 contra
381 901 702 950 foeneratores.
779 908 1047 967 Quanquam
1076 921 1188 950 vero
1213 905 1328 950 nihil
1352 907 1508 950 tetrius
1533 902 1592 950 est
1623 921 1788 967 genere
1809 905 2062 951 hominum
2085 904 2154 950 da·

203 971 362 1020 nistico
384 989 466 1036 per
491 972 841 1019 immoderatum
863 969 1024 1017 foenus
1044 989 1263 1035 pauperes
1287 974 1602 1033 opprimente,
1637 989 1785 1018 tamen
1806 970 1834 1018 si
1859 989 1941 1036 per
1964 968 2007 1018 se
2030 969 2153 1018 nefas
2190 978 2194 984 '
2239 970 2242 972 ’

205 1038 311 1088 effet
330 1036 505 1085 vsuram
529 1042 751 1103 accipere,
787 1042 908 1085 Deus
930 1036 1030 1085 ίῖιῡε
1059 1056 1152 1085 non
1174 1036 1436 1102 permisisset
1467 1036 1519 1084 ab
1551 1054 1763 1085 extraneo
1787 1037 1963 1086 vsuram
1996 1055 2154 1104 capere

203 1108 416 1157 Iudaeos:
456 1123 506 1153 vt
527 1110 731 1152 omittam
753 1105 876 1168 quod
897 1123 920 1150 a
941 1106 1095 1167 multis
1131 1107 1240 1151 iuris
1263 1120 1443 1152 naturae
1471 1102 1765 1170 scriptoribus
1799 1106 2153 1154 demonstratum

206 1174 291 1229 est,
330 1190 374 1221 et
397 1174 723 1238 plerorumque
749 1171 927 1234 egestati
961 1170 1117 1219 defore
1148 1171 1330 1237 prorsus
1364 1173 1631 1227 creditores,
1669 1173 1696 1220 fi
1733 1172 1888 1222 vsurae
1917 1175 2154 1222 tollantur:

207 1259 251 1291 et
285 1241 472 1289 iustitiae
508 1244 769 1304 neutiquam
794 1237 1040 1294 aduersari,
1077 1256 1142 1294 vt,
1181 1244 1258 1305 qui
1277 1244 1470 1307 pecunia
1491 1241 1671 1288 alterius
1701 1241 1918 1296 lucratur,
1956 1261 2007 1290 ex
2029 1245 2156 1308 parte

208 1311 325 1357 lucri
348 1310 563 1356 nonnihil
587 1309 710 1356 cedat
736 1310 798 1362 ei,
839 1312 963 1355 cuius
985 1307 1204 1356 beneficio
1230 1326 1273 1356 et
1299 1309 1504 1375 periculo
1527 1311 1615 1356 boc
1645 1312 1686 1356 ei
1709 1311 2004 1358 commodum
2038 1328 2155 1358 acce-

209 1379 298 1438 dit,
337 1378 477 1424 modo
499 1393 541 1425 et
563 1375 693 1423 vsura
711 1377 941 1424 moderata
964 1375 1043 1432 fit,
1081 1393 1122 1423 et
1142 1378 1251 1425 alter
1272 1393 1519 1430 mercatura
1552 1379 1624 1425 vel
1644 1379 1725 1425 aha
1748 1380 1945 1443 quadam
1968 1382 2155 1435 ratione,

206 1449 425 1513 pecuniae
455 1442 585 1503 vsum
616 1446 664 1492 in
696 1446 874 1492 lucrum
905 1442 1034 1492 suum
1067 1461 1223 1493 vertat.
1294 1442 1465 1493 Confer
1489 1448 1704 1494 Grotium
1733 1447 1787 1494 ad
1811 1452 1954 1494 Lucae
1976 1450 2053 1493 VI.
2080 1463 2155 1507 35.

208 1524 258 1562 et‘
283 1515 338 1561 de
370 1518 466 1576 iure
486 1513 595 1560 belli
617 1529 661 1561 et
685 1515 803 1578 pacis
826 1515 876 1561 11.
909 1529 981 1568 12,
1008 1529 1084 1563 20.
1154 1514 1290 1579 Apud
1318 1531 1490 1561 veteres
1511 1518 1706 1562 Graecos
1739 1531 1783 1562 er
1809 1519 2039 1562 Romanos
2060 1516 2155 1562 eth-

208 1584 336 1631 nicos
355 1580 556 1630 latissime
579 1582 826 1629 inualuerat
845 1579 999 1645 vsura,
1039 1584 1098 1628 ita
1121 1597 1171 1629 vt
1198 1600 1292 1630 non
1317 1580 1512 1630 deeffent
1533 1584 1803 1630 toculliones
1827 1578 2158 1648 &usecdoevsasoet
2227 1584 2230 1585 ⁷

211 1653 291 1714 qui
311 1648 488 1708 vsuram
510 1652 558 1696 in
581 1648 777 1711 singulos
800 1651 894 1697 dies
914 1650 1165 1711 exigebant.
1234 1650 1353 1698 Vide
1380 1649 1558 1697 Casaub.
1579 1668 1667 1717 p.'2
1684 1668 1754 1710 19.
1775 1652 1827 1698 ad
1851 1648 2159 1716 Theophrast.

211 1733 255 1764 et
281 1734 377 1781 2¹4
395 1714 455 1781 sq.
487 1734 530 1765 et
557 1718 750 1765 Heraldi
775 1716 1066 1765 animaduers.
1104 1736 1147 1782 p.
1178 1723 1285 1767 161.
1358 1722 1569 1766 Ceterum
1600 1721 1655 1765 de
1682 1734 1778 1764 toto
1809 1719 1888 1764 illo
1920 1716 2156 1764 vsurarum

211 1785 330 1849 apud
355 1789 560 1848 antiquos
584 1789 791 1846 negotio,
826 1786 1010 1832 videndi
1036 1787 1231 1833 Budaeus
1252 1786 1368 1831 libro
1395 1787 1449 1831 de
1475 1784 1582 1842 affe,
1623 1789 1738 1833 Sam.
1762 1786 1928 1831 Petitus
1960 1785 2012 1830 ad
2038 1786 2159 1845 leges
2222 1776 2243 1787 '¹

211 1854 380 1902 Atticas
403 1869 501 1916 pag.
522 1869 615 1910 403
640 1852 701 1916 sq.
769 1852 998 1900 Salmasius
1019 1854 1137 1899 libro
1160 1854 1215 1900 de
1245 1851 1436 1899 foenore
1467 1853 1752 1916 trapezium,
1787 1852 1904 1898 libro
1936 1852 1991 1898 de
2012 1849 2159 1899 vsuris

213 1935 257 1966 et
280 1920 353 1965 lib.
376 1921 429 1965 de
461 1920 600 1965 modo
622 1919 869 1968 vsurarum.
947 1924 1010 1966 Ιο.
1029 1921 1149 1967 Frid.
1177 1922 1442 1967 Gronouius
1466 1921 1512 1965 in
1539 1936 1675 1984 opere
1702 1920 1756 1966 de
1779 1917 1985 1966 sestertiis
2007 1936 2048 1965 et
2074 1937 2157 1966 no-

211 1985 658 2034 uiffimeGerhardus
672 1988 858 2042 Noodr,
896 1989 1026 2032 ICtus
1050 1985 1692 2043 clariffimusFraneckeranus,
1715 1989 1760 2032 in
1783 1987 1910 2034 libris
1934 1986 2077 2034 tribus
2099 1988 2157 2036 de

211 2052 406 2102 foenore
427 2071 469 2100 et
491 2051 656 2106 vsuris,
695 2055 839 2115 Lugd.
866 2057 1010 2099 Batav.
1041 2062 1180 2113 1698.
1209 2071 1254 2110 4.
1278 2069 1321 2100 et
1340 2057 1457 2100 inter
1487 2057 1579 2100 eius
1613 2071 1773 2119 opera,
1810 2055 1916 2102 ibid.
1950 2070 2087 2115 1713.
2109 2072 2156 2118 4.
2202 2048 2209 2051 ³

136 2143 140 2149 ¹
211 2125 283 2170 De
308 2124 460 2169 Caroli
485 2121 703 2168 Molinaei
735 2137 777 2168 et
806 2120 1167 2184 Cloppenburgii
1199 2121 1325 2168 libris
1361 2123 1495 2168 huius
1529 2124 1782 2183 argumenti
1812 2123 1918 2170 vide
1947 2122 1991 2177 fi*
2013 2124 2178 2186 piacet·

213 2192 368 2238 Grotii
390 2190 608 2236 iudicium
627 2187 750 2253 epist,
779 2200 892 2249 762.
917 2188 971 2234 ad
991 2187 1270 2246 Sahnafium,
1309 2192 1384 2253 qui
1404 2189 1632 2236 Salmasius
1655 2189 1808 2254 paffim
1839 2187 2042 2236 obseruat
2070 2195 2158 2237 Ro-

212 2275 455 2305 manorum
488 2254 638 2302 vsuras
669 2257 803 2318 longe
825 2255 1149 2303 moderatiores
1171 2253 1298 2304 fuiss'e
1322 2254 1461 2303 vsuris
1481 2261 1758 2305 Graecorum
1775 2296 1786 2314 ,
1825 2274 1866 2305 et
1902 2260 2066 2305 horum
2097 2260 2156 2306 le-

213 2324 407 2373 uiffimas
438 2325 620 2371 illorum
653 2326 860 2370 maximis
889 2337 932 2370 et
961 2321 1224 2384 grauiffimis
1264 2322 1389 2371 fuiss'e
1429 2326 1641 2389 aequales.
1710 2327 1845 2391 Apud
1877 2328 2154 2389 antiquiores

212 2396 445 2440 Romanos
479 2394 558 2453 (vt
581 2393 698 2457 apud
720 2396 918 2440 Graecos
945 2406 987 2437 et
1005 2389 1182 2452 Persas)
1212 2389 1517 2440 foeneratores
1542 2410 1584 2440 et
1607 2411 1828 2460 caupones
1849 2395 1964 2439 inter
1991 2411 2150 2457 parum

218 2460 428 2574 ponestos
452 2457 579 2575 fuespe
602 2460 817 2510 recensiti.
884 2459 1003 2508 Vide
1025 2461 1284 2526 Appianum
1308 2460 1342 2511 1.
1367 2461 1486 2514 ciuil.
1505 2459 1585 2511 fol.
1605 2473 1710 2526 382.
1731 2477 1774 2513 et
1794 2465 2007 2511 Catonem
2030 2477 2153 2528 prae-

239 2543 293 2578 αῖ.
313 2529 366 2578 de
388 2546 436 2579 re
455 2545 527 2579 ru¹
549 2529 628 2579 ica.
1161 2556 1166 2561 ·

2014 2715 2155 2788 Vacra'
