<?xml version="1.0" encoding="UTF-8"?>
<!DOCTYPE html PUBLIC "-//W3C//DTD XHTML 1.0 Transitional//EN"
    "http://www.w3.org/TR/xhtml1/DTD/xhtml1-transitional.dtd">
<html xmlns="http://www.w3.org/1999/xhtml" xml:lang="en" lang="en">
 <head>
  <title>
</title>
<meta http-equiv="Content-Type" content="text/html;charset=utf-8" />
  <meta name='ocr-system' content='tesseract 3.04.00' />
  <meta name='ocr-capabilities' content='ocr_page ocr_carea ocr_par ocr_line ocrx_word'/>
</head>
<body>
  <div class='ocr_page' id='page_1' title='image "./ioalbertifabrici00fabr/ioalbertifabrici00fabr_1037.png"; bbox 0 0 2263 3027; ppageno 0'>
   <div class='ocr_carea' id='block_1_1' title="bbox 607 33 2048 110">
    <p class='ocr_par' dir='ltr' id='par_1_1' title="bbox 607 33 2048 110">
     <span class='ocr_line' id='line_1_1' title="bbox 607 33 2048 110; baseline 0.003 -18"><span class='ocrx_word' id='word_1_1' title='bbox 607 33 1187 104; x_wconf 79' lang='lat' dir='ltr'>SALVTATIONES,</span> <span class='ocrx_word' id='word_1_2' title='bbox 1234 39 1529 96; x_wconf 66' lang='lat' dir='ltr'>oscvtA.</span> <span class='ocrx_word' id='word_1_3' title='bbox 1915 59 2048 110; x_wconf 86' lang='lat'><em>1017</em></span> 
     </span>
    </p>
   </div>
   <div class='ocr_carea' id='block_1_2' title="bbox 109 161 2050 503">
    <p class='ocr_par' dir='ltr' id='par_1_2' title="bbox 109 161 2050 503">
     <span class='ocr_line' id='line_1_2' title="bbox 109 161 2046 233; baseline 0.003 -21"><span class='ocrx_word' id='word_1_4' title='bbox 109 165 166 213; x_wconf 86' lang='lat' dir='ltr'>de</span> <span class='ocrx_word' id='word_1_5' title='bbox 187 161 366 221; x_wconf 80' lang='lat' dir='ltr'>osculis,</span> <span class='ocrx_word' id='word_1_6' title='bbox 389 166 638 214; x_wconf 84' lang='lat' dir='ltr'>Chemnitii</span> <span class='ocrx_word' id='word_1_7' title='bbox 665 172 894 228; x_wconf 73' lang='lat'>1675.12.</span> <span class='ocrx_word' id='word_1_8' title='bbox 916 181 958 213; x_wconf 86' lang='lat' dir='ltr'>et</span> <span class='ocrx_word' id='word_1_9' title='bbox 975 168 1225 231; x_wconf 86' lang='lat' dir='ltr'>iungendae</span> <span class='ocrx_word' id='word_1_10' title='bbox 1245 166 1565 217; x_wconf 73' lang='lat' dir='ltr'>dissertationes</span> <span class='ocrx_word' id='word_1_11' title='bbox 1582 168 1722 233; x_wconf 79' lang='lat' dir='ltr'><strong>Paulli</strong></span> <span class='ocrx_word' id='word_1_12' title='bbox 1738 171 1815 219; x_wconf 88' lang='lat' dir='ltr'>Fr.</span> <span class='ocrx_word' id='word_1_13' title='bbox 1837 166 2046 227; x_wconf 79' lang='lat' dir='ltr'>Romani,</span> 
     </span>
     <span class='ocr_line' id='line_1_3' title="bbox 110 232 2048 300; baseline 0.001 -18"><span class='ocrx_word' id='word_1_14' title='bbox 110 233 232 299; x_wconf 86' lang='lat' dir='ltr'>Lips.</span> <span class='ocrx_word' id='word_1_15' title='bbox 260 245 398 291; x_wconf 79' lang='lat'>1664.</span> <span class='ocrx_word' id='word_1_16' title='bbox 459 238 625 298; x_wconf 86' lang='lat' dir='ltr'>Georg.</span> <span class='ocrx_word' id='word_1_17' title='bbox 647 235 808 282; x_wconf 90' lang='lat' dir='ltr'>Goezii</span> <span class='ocrx_word' id='word_1_18' title='bbox 829 233 884 281; x_wconf 89' lang='lat' dir='ltr'>de</span> <span class='ocrx_word' id='word_1_19' title='bbox 904 232 1075 290; x_wconf 85' lang='lat' dir='ltr'>osculo,</span> <span class='ocrx_word' id='word_1_20' title='bbox 1111 241 1242 284; x_wconf 89' lang='lat' dir='ltr'>Ienae</span> <span class='ocrx_word' id='word_1_21' title='bbox 1279 247 1417 299; x_wconf 85' lang='lat'>¹670.</span> <span class='ocrx_word' id='word_1_22' title='bbox 1463 241 1584 285; x_wconf 90' lang='lat' dir='ltr'>Ioan.</span> <span class='ocrx_word' id='word_1_23' title='bbox 1616 238 1764 285; x_wconf 87' lang='lat' dir='ltr'>Ioach.</span> <span class='ocrx_word' id='word_1_24' title='bbox 1786 239 2048 300; x_wconf 85' lang='lat' dir='ltr'>Zentgrauii</span> 
     </span>
     <span class='ocr_line' id='line_1_4' title="bbox 111 299 2047 367; baseline 0.002 -19"><span class='ocrx_word' id='word_1_25' title='bbox 111 303 166 348; x_wconf 86' lang='lat' dir='ltr'>de</span> <span class='ocrx_word' id='word_1_26' title='bbox 189 303 326 348; x_wconf 89' lang='lat' dir='ltr'>modo</span> <span class='ocrx_word' id='word_1_27' title='bbox 348 301 561 351; x_wconf 86' lang='lat' dir='ltr'>salutandi</span> <span class='ocrx_word' id='word_1_28' title='bbox 584 299 755 356; x_wconf 60' lang='lat' dir='ltr'>oscum,</span> <span class='ocrx_word' id='word_1_29' title='bbox 779 305 1066 364; x_wconf 86' lang='lat' dir='ltr'>Argentorati</span> <span class='ocrx_word' id='word_1_30' title='bbox 1092 313 1229 363; x_wconf 76' lang='lat'>1685.</span> <span class='ocrx_word' id='word_1_31' title='bbox 1287 309 1455 367; x_wconf 87' lang='lat' dir='ltr'>Georg.</span> <span class='ocrx_word' id='word_1_32' title='bbox 1475 304 1756 353; x_wconf 86' lang='lat' dir='ltr'>Rittershufii</span> <span class='ocrx_word' id='word_1_33' title='bbox 1787 306 1842 353; x_wconf 89' lang='lat' dir='ltr'>de</span> <span class='ocrx_word' id='word_1_34' title='bbox 1874 304 2047 360; x_wconf 86' lang='lat' dir='ltr'>osculis,</span> 
     </span>
     <span class='ocr_line' id='line_1_5' title="bbox 109 367 2048 437; baseline 0.002 -21"><span class='ocrx_word' id='word_1_35' title='bbox 109 367 317 417; x_wconf 88' lang='lat' dir='ltr'>Francof.</span> <span class='ocrx_word' id='word_1_36' title='bbox 341 372 394 417; x_wconf 89' lang='lat' dir='ltr'>ad</span> <span class='ocrx_word' id='word_1_37' title='bbox 417 371 636 417; x_wconf 86' lang='lat' dir='ltr'>Viadrum</span> <span class='ocrx_word' id='word_1_38' title='bbox 664 372 802 428; x_wconf 82' lang='lat'>1689.</span> <span class='ocrx_word' id='word_1_39' title='bbox 838 369 1015 417; x_wconf 87' lang='lat' dir='ltr'>Alberti</span> <span class='ocrx_word' id='word_1_40' title='bbox 1033 371 1285 436; x_wconf 87' lang='lat' dir='ltr'>Spensenii‚</span> <span class='ocrx_word' id='word_1_41' title='bbox 1307 372 1459 421; x_wconf 81' lang='lat' dir='ltr'>Aboae</span> <span class='ocrx_word' id='word_1_42' title='bbox 1486 390 1625 437; x_wconf 84' lang='lat'>1705.</span> <span class='ocrx_word' id='word_1_43' title='bbox 1649 382 1691 429; x_wconf 86' lang='lat'>8.</span> <span class='ocrx_word' id='word_1_44' title='bbox 1727 375 2048 429; x_wconf 88' lang='lat' dir='ltr'>10.Lomeieri‚</span> 
     </span>
     <span class='ocr_line' id='line_1_6' title="bbox 110 436 2050 503; baseline 0.002 -19"><span class='ocrx_word' id='word_1_45' title='bbox 110 453 222 500; x_wconf 84' lang='lat' dir='ltr'>quae</span> <span class='ocrx_word' id='word_1_46' title='bbox 247 437 381 485; x_wconf 66' lang='lat' dir='ltr'>exstat</span> <span class='ocrx_word' id='word_1_47' title='bbox 400 444 621 503; x_wconf 80' lang='lat' dir='ltr'>pag-328.</span> <span class='ocrx_word' id='word_1_48' title='bbox 652 439 746 484; x_wconf 88' lang='lat' dir='ltr'>eius</span> <span class='ocrx_word' id='word_1_49' title='bbox 770 436 945 484; x_wconf 86' lang='lat' dir='ltr'>dierum</span> <span class='ocrx_word' id='word_1_50' title='bbox 966 441 1223 500; x_wconf 89' lang='lat' dir='ltr'>genialium.</span> <span class='ocrx_word' id='word_1_51' title='bbox 1290 444 1425 488; x_wconf 85' lang='lat' dir='ltr'>Conr.</span> <span class='ocrx_word' id='word_1_52' title='bbox 1455 445 1569 490; x_wconf 86' lang='lat' dir='ltr'><strong>Sam.</strong></span> <span class='ocrx_word' id='word_1_53' title='bbox 1603 439 1961 489; x_wconf 86' lang='lat' dir='ltr'>Schurzfleischii</span> <span class='ocrx_word' id='word_1_54' title='bbox 1991 441 2050 488; x_wconf 87' lang='lat' dir='ltr'>de</span> 
     </span>
    </p>
   </div>
   <div class='ocr_carea' id='block_1_3' title="bbox 16 501 2050 575">
    <p class='ocr_par' dir='ltr' id='par_1_3' title="bbox 16 501 2050 575">
     <span class='ocr_line' id='line_1_7' title="bbox 16 501 2050 575; baseline 0.001 -22"><span class='ocrx_word' id='word_1_55' title='bbox 16 521 23 525; x_wconf 88' lang='lat'><em>·</em></span> <span class='ocrx_word' id='word_1_56' title='bbox 111 508 201 553; x_wconf 88' lang='lat' dir='ltr'>ritu</span> <span class='ocrx_word' id='word_1_57' title='bbox 221 506 435 554; x_wconf 84' lang='lat' dir='ltr'>salutandi</span> <span class='ocrx_word' id='word_1_58' title='bbox 455 515 537 570; x_wconf 75' lang='lat' dir='ltr'>p&#39;er</span> <span class='ocrx_word' id='word_1_59' title='bbox 554 501 761 551; x_wconf 59' lang='lat' dir='ltr'>‘osculum</span> <span class='ocrx_word' id='word_1_60' title='bbox 786 506 833 551; x_wconf 91' lang='lat' dir='ltr'>in</span> <span class='ocrx_word' id='word_1_61' title='bbox 854 507 946 552; x_wconf 89' lang='lat' dir='ltr'>eius</span> <span class='ocrx_word' id='word_1_62' title='bbox 967 504 1127 555; x_wconf 80' lang='lat' dir='ltr'>differt.</span> <span class='ocrx_word' id='word_1_63' title='bbox 1151 508 1373 573; x_wconf 81' lang='lat' dir='ltr'>philolog.</span> <span class='ocrx_word' id='word_1_64' title='bbox 1401 509 1573 575; x_wconf 84' lang='lat' dir='ltr'>Lipsiae</span> <span class='ocrx_word' id='word_1_65' title='bbox 1599 523 1739 572; x_wconf 90' lang='lat'><em>1700.</em></span> <span class='ocrx_word' id='word_1_66' title='bbox 1757 525 1804 569; x_wconf 89' lang='lat'>4.</span> <span class='ocrx_word' id='word_1_67' title='bbox 1864 507 2050 556; x_wconf 91' lang='lat' dir='ltr'>Osculo-</span> 
     </span>
    </p>
   </div>
   <div class='ocr_carea' id='block_1_4' title="bbox 105 569 2052 975">
    <p class='ocr_par' dir='ltr' id='par_1_4' title="bbox 105 569 2052 975">
     <span class='ocr_line' id='line_1_8' title="bbox 108 569 2049 642; baseline -0.001 -20"><span class='ocrx_word' id='word_1_68' title='bbox 108 592 212 622; x_wconf 85' lang='lat' dir='ltr'>rum</span> <span class='ocrx_word' id='word_1_69' title='bbox 241 592 322 640; x_wconf 91' lang='lat' dir='ltr'>per</span> <span class='ocrx_word' id='word_1_70' title='bbox 343 575 507 637; x_wconf 88' lang='lat' dir='ltr'>digitos</span> <span class='ocrx_word' id='word_1_71' title='bbox 538 569 772 619; x_wconf 83' lang='lat' dir='ltr'>missorum</span> <span class='ocrx_word' id='word_1_72' title='bbox 804 575 976 621; x_wconf 89' lang='lat' dir='ltr'>mentio</span> <span class='ocrx_word' id='word_1_73' title='bbox 1011 572 1061 620; x_wconf 88' lang='lat' dir='ltr'>fit</span> <span class='ocrx_word' id='word_1_74' title='bbox 1089 577 1204 640; x_wconf 90' lang='lat' dir='ltr'>apud</span> <span class='ocrx_word' id='word_1_75' title='bbox 1227 577 1425 623; x_wconf 82' lang='lat' dir='ltr'>Dionem</span> <span class='ocrx_word' id='word_1_76' title='bbox 1458 595 1556 642; x_wconf 85' lang='lat' dir='ltr'>pag.</span> <span class='ocrx_word' id='word_1_77' title='bbox 1579 593 1688 639; x_wconf 89' lang='lat'><em>731.</em></span> <span class='ocrx_word' id='word_1_78' title='bbox 1714 579 1762 625; x_wconf 89' lang='lat' dir='ltr'>C.</span> <span class='ocrx_word' id='word_1_79' title='bbox 1781 578 1951 638; x_wconf 80' lang='lat'>(1055.</span> <span class='ocrx_word' id='word_1_80' title='bbox 1975 578 2049 638; x_wconf 84' lang='lat' dir='ltr'>R.)</span> 
     </span>
     <span class='ocr_line' id='line_1_9' title="bbox 109 639 2052 705; baseline 0 -15"><span class='ocrx_word' id='word_1_81' title='bbox 109 647 179 690; x_wconf 91' lang='lat' dir='ltr'>De</span> <span class='ocrx_word' id='word_1_82' title='bbox 208 646 298 689; x_wconf 86' lang='lat' dir='ltr'>ritu</span> <span class='ocrx_word' id='word_1_83' title='bbox 329 639 486 688; x_wconf 87' lang='lat' dir='ltr'>osculis</span> <span class='ocrx_word' id='word_1_84' title='bbox 518 640 786 704; x_wconf 76' lang='lat' dir='ltr'>explorandi</span> <span class='ocrx_word' id='word_1_85' title='bbox 807 644 1110 689; x_wconf 86' lang='lat' dir='ltr'>Romanarum</span> <span class='ocrx_word' id='word_1_86' title='bbox 1143 644 1385 690; x_wconf 80' lang='lat' dir='ltr'>mulierum</span> <span class='ocrx_word' id='word_1_87' title='bbox 1415 645 1722 692; x_wconf 86' lang='lat' dir='ltr'>abstinentiam</span> <span class='ocrx_word' id='word_1_88' title='bbox 1754 662 1778 691; x_wconf 89' lang='lat' dir='ltr'>a</span> <span class='ocrx_word' id='word_1_89' title='bbox 1807 646 1917 690; x_wconf 88' lang='lat' dir='ltr'>vino</span> <span class='ocrx_word' id='word_1_90' title='bbox 1952 644 2052 705; x_wconf 81' lang='lat' dir='ltr'>lege</span> 
     </span>
     <span class='ocr_line' id='line_1_10' title="bbox 108 707 2050 776; baseline 0.001 -20"><span class='ocrx_word' id='word_1_91' title='bbox 108 711 294 757; x_wconf 78' lang='lat' dir='ltr'>Romuli</span> <span class='ocrx_word' id='word_1_92' title='bbox 315 707 521 756; x_wconf 83' lang='lat' dir='ltr'>sancitam</span> <span class='ocrx_word' id='word_1_93' title='bbox 540 709 686 756; x_wconf 89' lang='lat' dir='ltr'>Carol.</span> <span class='ocrx_word' id='word_1_94' title='bbox 711 711 924 756; x_wconf 88' lang='lat' dir='ltr'>Gunther</span> <span class='ocrx_word' id='word_1_95' title='bbox 945 711 1168 758; x_wconf 89' lang='lat' dir='ltr'>Ludouici</span> <span class='ocrx_word' id='word_1_96' title='bbox 1188 709 1532 760; x_wconf 78' lang='lat' dir='ltr'>dissertationem</span> <span class='ocrx_word' id='word_1_97' title='bbox 1556 713 1695 761; x_wconf 87' lang='lat' dir='ltr'>edidit</span> <span class='ocrx_word' id='word_1_98' title='bbox 1715 710 1886 776; x_wconf 81' lang='lat' dir='ltr'>Lipfiae</span> <span class='ocrx_word' id='word_1_99' title='bbox 1910 726 2050 773; x_wconf 85' lang='lat'>1733.</span> 
     </span>
     <span class='ocr_line' id='line_1_11' title="bbox 107 776 2052 828; baseline -0.001 -2"><span class='ocrx_word' id='word_1_100' title='bbox 107 783 177 826; x_wconf 88' lang='lat' dir='ltr'>De</span> <span class='ocrx_word' id='word_1_101' title='bbox 202 776 350 825; x_wconf 77' lang='lat' dir='ltr'>osculo</span> <span class='ocrx_word' id='word_1_102' title='bbox 373 792 588 822; x_wconf 85' lang='lat' dir='ltr'>manuum</span> <span class='ocrx_word' id='word_1_103' title='bbox 611 776 716 822; x_wconf 88' lang='lat' dir='ltr'>vide</span> <span class='ocrx_word' id='word_1_104' title='bbox 738 778 931 823; x_wconf 90' lang='lat' dir='ltr'>Henrici</span> <span class='ocrx_word' id='word_1_105' title='bbox 952 780 1129 824; x_wconf 88' lang='lat' dir='ltr'>Morini</span> <span class='ocrx_word' id='word_1_106' title='bbox 1151 777 1497 828; x_wconf 78' lang='lat' dir='ltr'>dissertationem</span> <span class='ocrx_word' id='word_1_107' title='bbox 1523 797 1649 827; x_wconf 91' lang='lat' dir='ltr'>tomo</span> <span class='ocrx_word' id='word_1_108' title='bbox 1679 777 1873 826; x_wconf 79' lang='lat' dir='ltr'>secundo</span> <span class='ocrx_word' id='word_1_109' title='bbox 1894 779 2052 826; x_wconf 85' lang='lat' dir='ltr'>acade-</span> 
     </span>
     <span class='ocr_line' id='line_1_12' title="bbox 105 841 2051 910; baseline 0 -17"><span class='ocrx_word' id='word_1_110' title='bbox 105 848 222 894; x_wconf 80' lang='lat' dir='ltr'>miae</span> <span class='ocrx_word' id='word_1_111' title='bbox 245 843 594 909; x_wconf 76' lang='lat' dir='ltr'>inscriptionum</span> <span class='ocrx_word' id='word_1_112' title='bbox 613 859 711 907; x_wconf 85' lang='lat' dir='ltr'>pag.</span> <span class='ocrx_word' id='word_1_113' title='bbox 731 858 833 901; x_wconf 89' lang='lat'>104.</span> <span class='ocrx_word' id='word_1_114' title='bbox 857 841 949 908; x_wconf 88' lang='lat' dir='ltr'>sqq.</span> <span class='ocrx_word' id='word_1_115' title='bbox 986 846 1057 891; x_wconf 90' lang='lat' dir='ltr'>De</span> <span class='ocrx_word' id='word_1_116' title='bbox 1078 844 1227 893; x_wconf 91' lang='lat' dir='ltr'>osculo</span> <span class='ocrx_word' id='word_1_117' title='bbox 1248 847 1417 910; x_wconf 86' lang='lat' dir='ltr'>pedum</span> <span class='ocrx_word' id='word_1_118' title='bbox 1437 846 1668 895; x_wconf 82' lang='lat' dir='ltr'>Pontificis</span> <span class='ocrx_word' id='word_1_119' title='bbox 1690 848 1902 894; x_wconf 86' lang='lat' dir='ltr'>Matthias</span> <span class='ocrx_word' id='word_1_120' title='bbox 1923 848 2051 893; x_wconf 88' lang='lat' dir='ltr'>Zim-</span> 
     </span>
     <span class='ocr_line' id='line_1_13' title="bbox 107 910 2050 975; baseline 0 -15"><span class='ocrx_word' id='word_1_121' title='bbox 107 930 396 960; x_wconf 84' lang='lat' dir='ltr'>mermannus</span> <span class='ocrx_word' id='word_1_122' title='bbox 418 914 464 959; x_wconf 90' lang='lat' dir='ltr'>in</span> <span class='ocrx_word' id='word_1_123' title='bbox 489 910 720 958; x_wconf 87' lang='lat' dir='ltr'>montibus</span> <span class='ocrx_word' id='word_1_124' title='bbox 743 912 918 974; x_wconf 89' lang='lat' dir='ltr'>pietatis</span> <span class='ocrx_word' id='word_1_125' title='bbox 938 928 1036 975; x_wconf 86' lang='lat' dir='ltr'>pag.</span> <span class='ocrx_word' id='word_1_126' title='bbox 1062 927 1168 975; x_wconf 82' lang='lat'>373.</span> <span class='ocrx_word' id='word_1_127' title='bbox 1221 914 1366 960; x_wconf 88' lang='lat' dir='ltr'>ludaei</span> <span class='ocrx_word' id='word_1_128' title='bbox 1395 917 1447 961; x_wconf 85' lang='lat' dir='ltr'>ad</span> <span class='ocrx_word' id='word_1_129' title='bbox 1466 913 1731 961; x_wconf 84' lang='lat' dir='ltr'>Pontificem</span> <span class='ocrx_word' id='word_1_130' title='bbox 1765 912 1933 959; x_wconf 83' lang='lat' dir='ltr'>admiffi</span> <span class='ocrx_word' id='word_1_131' title='bbox 1956 930 2050 960; x_wconf 86' lang='lat' dir='ltr'>non</span> 
     </span>
    </p>
   </div>
   <div class='ocr_carea' id='block_1_5' title="bbox 0 977 2052 1046">
    <p class='ocr_par' dir='ltr' id='par_1_5' title="bbox 0 977 2052 1046">
     <span class='ocr_line' id='line_1_14' title="bbox 0 977 2052 1046; baseline -0.001 -17"><span class='ocrx_word' id='word_1_132' title='bbox 0 1001 8 1007; x_wconf 71' lang='grc'><em>’</em></span> <span class='ocrx_word' id='word_1_133' title='bbox 104 981 293 1046; x_wconf 84' lang='lat' dir='ltr'>pedem,</span> <span class='ocrx_word' id='word_1_134' title='bbox 329 977 405 1027; x_wconf 90' lang='lat' dir='ltr'>scd</span> <span class='ocrx_word' id='word_1_135' title='bbox 433 978 672 1041; x_wconf 80' lang='lat' dir='ltr'>vestigium</span> <span class='ocrx_word' id='word_1_136' title='bbox 704 979 832 1042; x_wconf 87' lang='lat' dir='ltr'>pedis</span> <span class='ocrx_word' id='word_1_137' title='bbox 863 994 906 1025; x_wconf 88' lang='lat' dir='ltr'>et</span> <span class='ocrx_word' id='word_1_138' title='bbox 934 993 1099 1026; x_wconf 88' lang='lat' dir='ltr'>terram</span> <span class='ocrx_word' id='word_1_139' title='bbox 1131 979 1410 1034; x_wconf 87' lang='lat' dir='ltr'>osculantur,</span> <span class='ocrx_word' id='word_1_140' title='bbox 1448 982 1552 1028; x_wconf 86' lang='lat' dir='ltr'>vide</span> <span class='ocrx_word' id='word_1_141' title='bbox 1584 984 1647 1028; x_wconf 90' lang='lat' dir='ltr'>Io.</span> <span class='ocrx_word' id='word_1_142' title='bbox 1679 984 1760 1027; x_wconf 92' lang='lat' dir='ltr'>Iac.</span> <span class='ocrx_word' id='word_1_143' title='bbox 1783 980 2052 1027; x_wconf 86' lang='lat' dir='ltr'>Schudtium</span> 
     </span>
    </p>
   </div>
   <div class='ocr_carea' id='block_1_6' title="bbox 38 1045 2053 2798">
    <p class='ocr_par' dir='ltr' id='par_1_6' title="bbox 65 1045 2053 2192">
     <span class='ocr_line' id='line_1_15' title="bbox 105 1045 2051 1110; baseline -0.002 -14"><span class='ocrx_word' id='word_1_144' title='bbox 105 1053 162 1096; x_wconf 88' lang='lat' dir='ltr'>T.</span> <span class='ocrx_word' id='word_1_145' title='bbox 181 1064 217 1097; x_wconf 87' lang='lat'>1.</span> <span class='ocrx_word' id='word_1_146' title='bbox 241 1048 610 1096; x_wconf 83' lang='lat' dir='ltr'>memorabilium</span> <span class='ocrx_word' id='word_1_147' title='bbox 632 1047 914 1093; x_wconf 87' lang='lat' dir='ltr'>Iudaicorum</span> <span class='ocrx_word' id='word_1_148' title='bbox 938 1063 1037 1110; x_wconf 85' lang='lat' dir='ltr'>pag.</span> <span class='ocrx_word' id='word_1_149' title='bbox 1051 1062 1161 1108; x_wconf 83' lang='lat'>242.</span> <span class='ocrx_word' id='word_1_150' title='bbox 1197 1051 1310 1094; x_wconf 91' lang='lat' dir='ltr'>Non</span> <span class='ocrx_word' id='word_1_151' title='bbox 1329 1045 1447 1095; x_wconf 84' lang='lat' dir='ltr'>solos</span> <span class='ocrx_word' id='word_1_152' title='bbox 1461 1046 1696 1095; x_wconf 79' lang='lat' dir='ltr'>Pontifices</span> <span class='ocrx_word' id='word_1_153' title='bbox 1714 1052 1957 1103; x_wconf 88' lang='lat' dir='ltr'>Romanos,</span> <span class='ocrx_word' id='word_1_154' title='bbox 1976 1045 2051 1094; x_wconf 87' lang='lat' dir='ltr'>sed</span> 
     </span>
     <span class='ocr_line' id='line_1_16' title="bbox 104 1112 2053 1179; baseline -0.001 -16"><span class='ocrx_word' id='word_1_155' title='bbox 104 1117 213 1164; x_wconf 84' lang='lat' dir='ltr'>alios</span> <span class='ocrx_word' id='word_1_156' title='bbox 236 1118 369 1163; x_wconf 89' lang='lat' dir='ltr'>etiam</span> <span class='ocrx_word' id='word_1_157' title='bbox 389 1112 574 1162; x_wconf 72' lang='lat' dir='ltr'>aliarum</span> <span class='ocrx_word' id='word_1_158' title='bbox 597 1112 877 1160; x_wconf 89' lang='lat' dir='ltr'>ecclefiarum</span> <span class='ocrx_word' id='word_1_159' title='bbox 900 1112 1120 1178; x_wconf 81' lang='lat' dir='ltr'>praesules</span> <span class='ocrx_word' id='word_1_160' title='bbox 1134 1113 1410 1177; x_wconf 79' lang='lat' dir='ltr'>illustresque</span> <span class='ocrx_word' id='word_1_161' title='bbox 1431 1117 1565 1162; x_wconf 87' lang='lat' dir='ltr'>laicos</span> <span class='ocrx_word' id='word_1_162' title='bbox 1583 1132 1664 1179; x_wconf 90' lang='lat' dir='ltr'>per</span> <span class='ocrx_word' id='word_1_163' title='bbox 1684 1115 2053 1176; x_wconf 84' lang='lat' dir='ltr'>genuflexionem</span> 
     </span>
     <span class='ocr_line' id='line_1_17' title="bbox 101 1179 2052 1250; baseline -0.001 -20"><span class='ocrx_word' id='word_1_164' title='bbox 101 1185 364 1250; x_wconf 90' lang='lat' dir='ltr'>pedumque</span> <span class='ocrx_word' id='word_1_165' title='bbox 385 1181 584 1229; x_wconf 89' lang='lat' dir='ltr'>osculum</span> <span class='ocrx_word' id='word_1_166' title='bbox 606 1179 810 1234; x_wconf 85' lang='lat' dir='ltr'>salutatos</span> <span class='ocrx_word' id='word_1_167' title='bbox 833 1182 963 1228; x_wconf 88' lang='lat' dir='ltr'>docet</span> <span class='ocrx_word' id='word_1_168' title='bbox 978 1182 1125 1227; x_wconf 90' lang='lat' dir='ltr'>Dauid</span> <span class='ocrx_word' id='word_1_169' title='bbox 1137 1183 1392 1238; x_wconf 89' lang='lat' dir='ltr'>Blondellus</span> <span class='ocrx_word' id='word_1_170' title='bbox 1414 1184 1468 1229; x_wconf 90' lang='lat' dir='ltr'>de</span> <span class='ocrx_word' id='word_1_171' title='bbox 1489 1188 1603 1247; x_wconf 82' lang='lat' dir='ltr'>Papa</span> <span class='ocrx_word' id='word_1_172' title='bbox 1618 1180 1786 1229; x_wconf 82' lang='lat' dir='ltr'>femina</span> <span class='ocrx_word' id='word_1_173' title='bbox 1805 1200 1850 1248; x_wconf 87' lang='lat' dir='ltr'>p.</span> <span class='ocrx_word' id='word_1_174' title='bbox 1868 1197 1973 1243; x_wconf 86' lang='lat'>123.</span> <span class='ocrx_word' id='word_1_175' title='bbox 1988 1180 2052 1246; x_wconf 89' lang='lat' dir='ltr'>sq.</span> 
     </span>
     <span class='ocr_line' id='line_1_18' title="bbox 65 1246 2052 1315; baseline -0.001 -18"><span class='ocrx_word' id='word_1_176' title='bbox 65 1290 71 1297; x_wconf 93' lang='lat'>.</span> <span class='ocrx_word' id='word_1_177' title='bbox 102 1253 172 1298; x_wconf 90' lang='lat' dir='ltr'>Sic</span> <span class='ocrx_word' id='word_1_178' title='bbox 201 1267 242 1297; x_wconf 88' lang='lat' dir='ltr'>et</span> <span class='ocrx_word' id='word_1_179' title='bbox 272 1252 423 1313; x_wconf 86' lang='lat' dir='ltr'>magni</span> <span class='ocrx_word' id='word_1_180' title='bbox 451 1246 691 1297; x_wconf 81' lang='lat' dir='ltr'>Marabufii</span> <span class='ocrx_word' id='word_1_181' title='bbox 719 1249 1005 1311; x_wconf 85' lang='lat' dir='ltr'>Nigritarum</span> <span class='ocrx_word' id='word_1_182' title='bbox 1035 1251 1152 1313; x_wconf 91' lang='lat' dir='ltr'>apud</span> <span class='ocrx_word' id='word_1_183' title='bbox 1177 1249 1390 1296; x_wconf 89' lang='lat' dir='ltr'>Labatutn</span> <span class='ocrx_word' id='word_1_184' title='bbox 1417 1255 1475 1297; x_wconf 89' lang='lat' dir='ltr'>T.</span> <span class='ocrx_word' id='word_1_185' title='bbox 1497 1255 1576 1300; x_wconf 90' lang='lat' dir='ltr'>IV.</span> <span class='ocrx_word' id='word_1_186' title='bbox 1603 1248 1780 1297; x_wconf 85' lang='lat' dir='ltr'>Africae</span> <span class='ocrx_word' id='word_1_187' title='bbox 1809 1267 1909 1315; x_wconf 86' lang='lat' dir='ltr'>pag.</span> <span class='ocrx_word' id='word_1_188' title='bbox 1943 1263 2052 1311; x_wconf 87' lang='lat'>172.</span> 
     </span>
     <span class='ocr_line' id='line_1_19' title="bbox 102 1315 2052 1382; baseline -0.001 -16"><span class='ocrx_word' id='word_1_189' title='bbox 102 1322 174 1366; x_wconf 91' lang='lat' dir='ltr'>De</span> <span class='ocrx_word' id='word_1_190' title='bbox 203 1316 353 1365; x_wconf 86' lang='lat' dir='ltr'>osculo</span> <span class='ocrx_word' id='word_1_191' title='bbox 383 1315 746 1380; x_wconf 82' lang='lat' dir='ltr'>Magnificentiae</span> <span class='ocrx_word' id='word_1_192' title='bbox 778 1317 896 1380; x_wconf 84' lang='lat' dir='ltr'>apud</span> <span class='ocrx_word' id='word_1_193' title='bbox 925 1315 1112 1363; x_wconf 86' lang='lat' dir='ltr'>Iudaeos</span> <span class='ocrx_word' id='word_1_194' title='bbox 1140 1319 1252 1379; x_wconf 83' lang='lat' dir='ltr'>Regi</span> <span class='ocrx_word' id='word_1_195' title='bbox 1284 1317 1376 1363; x_wconf 88' lang='lat' dir='ltr'>dari</span> <span class='ocrx_word' id='word_1_196' title='bbox 1405 1315 1565 1371; x_wconf 85' lang='lat' dir='ltr'>solito,</span> <span class='ocrx_word' id='word_1_197' title='bbox 1613 1322 1659 1364; x_wconf 84' lang='grc' dir='ltr'>Β.</span> <span class='ocrx_word' id='word_1_198' title='bbox 1689 1318 1965 1382; x_wconf 90' lang='lat' dir='ltr'>Carpzouius</span> <span class='ocrx_word' id='word_1_199' title='bbox 1995 1316 2052 1364; x_wconf 86' lang='lat' dir='ltr'>ad</span> 
     </span>
     <span class='ocr_line' id='line_1_20' title="bbox 101 1382 2052 1448; baseline -0.001 -16"><span class='ocrx_word' id='word_1_200' title='bbox 101 1385 364 1433; x_wconf 85' lang='lat' dir='ltr'>Schickardi</span> <span class='ocrx_word' id='word_1_201' title='bbox 383 1386 452 1431; x_wconf 88' lang='lat' dir='ltr'>ius</span> <span class='ocrx_word' id='word_1_202' title='bbox 476 1386 668 1446; x_wconf 89' lang='lat' dir='ltr'>Regium</span> <span class='ocrx_word' id='word_1_203' title='bbox 689 1382 1010 1430; x_wconf 82' lang='lat' dir='ltr'>Hebraeorum</span> <span class='ocrx_word' id='word_1_204' title='bbox 1031 1400 1130 1448; x_wconf 86' lang='lat' dir='ltr'>pag.</span> <span class='ocrx_word' id='word_1_205' title='bbox 1152 1392 1228 1442; x_wconf 84' lang='lat'>76.</span> <span class='ocrx_word' id='word_1_206' title='bbox 1272 1386 1486 1432; x_wconf 88' lang='lat' dir='ltr'>Scacchus</span> <span class='ocrx_word' id='word_1_207' title='bbox 1520 1388 1567 1432; x_wconf 88' lang='lat' dir='ltr'>in</span> <span class='ocrx_word' id='word_1_208' title='bbox 1591 1387 1885 1448; x_wconf 86' lang='lat' dir='ltr'>Myrothecio</span> <span class='ocrx_word' id='word_1_209' title='bbox 1913 1386 2052 1431; x_wconf 87' lang='lat' dir='ltr'>tertio</span> 
     </span>
     <span class='ocr_line' id='line_1_21' title="bbox 102 1449 2051 1518; baseline -0.001 -18"><span class='ocrx_word' id='word_1_210' title='bbox 102 1469 196 1518; x_wconf 89' lang='lat' dir='ltr'>cap.</span> <span class='ocrx_word' id='word_1_211' title='bbox 217 1467 292 1513; x_wconf 80' lang='lat'>35.</span> <span class='ocrx_word' id='word_1_212' title='bbox 315 1453 392 1517; x_wconf 90' lang='lat' dir='ltr'>qui</span> <span class='ocrx_word' id='word_1_213' title='bbox 413 1469 460 1517; x_wconf 87' lang='lat' dir='ltr'>p.</span> <span class='ocrx_word' id='word_1_214' title='bbox 468 1465 581 1512; x_wconf 89' lang='lat'>970.</span> <span class='ocrx_word' id='word_1_215' title='bbox 603 1467 761 1498; x_wconf 86' lang='lat' dir='ltr'>manus</span> <span class='ocrx_word' id='word_1_216' title='bbox 781 1453 912 1498; x_wconf 90' lang='lat' dir='ltr'>etiam</span> <span class='ocrx_word' id='word_1_217' title='bbox 946 1449 1097 1498; x_wconf 89' lang='lat' dir='ltr'>osculo</span> <span class='ocrx_word' id='word_1_218' title='bbox 1128 1449 1348 1499; x_wconf 57' lang='lat' dir='ltr'>contactas</span> <span class='ocrx_word' id='word_1_219' title='bbox 1376 1467 1511 1499; x_wconf 90' lang='lat' dir='ltr'>notat.</span> <span class='ocrx_word' id='word_1_220' title='bbox 1581 1453 1700 1500; x_wconf 90' lang='lat' dir='ltr'>Vide</span> <span class='ocrx_word' id='word_1_221' title='bbox 1732 1469 1775 1500; x_wconf 91' lang='lat' dir='ltr'>et</span> <span class='ocrx_word' id='word_1_222' title='bbox 1804 1454 1859 1500; x_wconf 91' lang='lat' dir='ltr'>de</span> <span class='ocrx_word' id='word_1_223' title='bbox 1891 1449 2051 1500; x_wconf 90' lang='lat' dir='ltr'>osculis</span> 
     </span>
     <span class='ocr_line' id='line_1_22' title="bbox 103 1518 2050 1585; baseline 0.001 -19"><span class='ocrx_word' id='word_1_224' title='bbox 103 1521 372 1570; x_wconf 87' lang='lat' dir='ltr'>Iudaeorum</span> <span class='ocrx_word' id='word_1_225' title='bbox 394 1520 620 1567; x_wconf 90' lang='lat' dir='ltr'>laudatum</span> <span class='ocrx_word' id='word_1_226' title='bbox 642 1520 946 1584; x_wconf 87' lang='lat' dir='ltr'>Carpzouium</span> <span class='ocrx_word' id='word_1_227' title='bbox 971 1520 1090 1566; x_wconf 89' lang='lat' dir='ltr'>notis</span> <span class='ocrx_word' id='word_1_228' title='bbox 1110 1519 1164 1566; x_wconf 90' lang='lat' dir='ltr'>ad</span> <span class='ocrx_word' id='word_1_229' title='bbox 1184 1518 1349 1566; x_wconf 88' lang='lat' dir='ltr'>librum</span> <span class='ocrx_word' id='word_1_230' title='bbox 1376 1522 1494 1566; x_wconf 88' lang='lat' dir='ltr'>Ruth</span> <span class='ocrx_word' id='word_1_231' title='bbox 1513 1536 1616 1584; x_wconf 87' lang='lat' dir='ltr'>pag.</span> <span class='ocrx_word' id='word_1_232' title='bbox 1645 1529 1754 1576; x_wconf 87' lang='lat'>128.</span> <span class='ocrx_word' id='word_1_233' title='bbox 1777 1518 1838 1585; x_wconf 90' lang='lat' dir='ltr'>sq.</span> <span class='ocrx_word' id='word_1_234' title='bbox 1860 1535 1904 1567; x_wconf 89' lang='lat' dir='ltr'>et</span> <span class='ocrx_word' id='word_1_235' title='bbox 1926 1523 2050 1568; x_wconf 90' lang='lat' dir='ltr'>Ioan.</span> 
     </span>
     <span class='ocr_line' id='line_1_23' title="bbox 103 1585 2050 1653; baseline -0.002 -17"><span class='ocrx_word' id='word_1_236' title='bbox 103 1587 246 1636; x_wconf 90' lang='lat' dir='ltr'>Gottl.</span> <span class='ocrx_word' id='word_1_237' title='bbox 269 1588 575 1653; x_wconf 86' lang='lat' dir='ltr'>Carpzouium</span> <span class='ocrx_word' id='word_1_238' title='bbox 596 1587 650 1634; x_wconf 86' lang='lat' dir='ltr'>ad</span> <span class='ocrx_word' id='word_1_239' title='bbox 674 1587 989 1635; x_wconf 88' lang='lat' dir='ltr'>Goodwinum</span> <span class='ocrx_word' id='word_1_240' title='bbox 1019 1604 1065 1651; x_wconf 85' lang='lat' dir='ltr'>p.</span> <span class='ocrx_word' id='word_1_241' title='bbox 1092 1595 1198 1648; x_wconf 85' lang='lat'>362.</span> <span class='ocrx_word' id='word_1_242' title='bbox 1227 1603 1270 1635; x_wconf 89' lang='lat' dir='ltr'>et</span> <span class='ocrx_word' id='word_1_243' title='bbox 1289 1587 1344 1634; x_wconf 91' lang='lat' dir='ltr'>de</span> <span class='ocrx_word' id='word_1_244' title='bbox 1367 1585 1525 1634; x_wconf 88' lang='lat' dir='ltr'>osculis</span> <span class='ocrx_word' id='word_1_245' title='bbox 1544 1586 1903 1636; x_wconf 85' lang='lat' dir='ltr'>Christianorum</span> <span class='ocrx_word' id='word_1_246' title='bbox 1931 1603 2050 1634; x_wconf 87' lang='lat' dir='ltr'>vete-</span> 
     </span>
     <span class='ocr_line' id='line_1_24' title="bbox 101 1652 2050 1712; baseline 0 -11"><span class='ocrx_word' id='word_1_247' title='bbox 101 1671 206 1702; x_wconf 88' lang='lat' dir='ltr'>rum</span> <span class='ocrx_word' id='word_1_248' title='bbox 239 1654 361 1701; x_wconf 82' lang='lat' dir='ltr'>Tob.</span> <span class='ocrx_word' id='word_1_249' title='bbox 394 1652 669 1701; x_wconf 86' lang='lat' dir='ltr'>Pfannerum</span> <span class='ocrx_word' id='word_1_250' title='bbox 702 1657 760 1700; x_wconf 88' lang='grc' dir='ltr'>ΙΙ.</span> <span class='ocrx_word' id='word_1_251' title='bbox 785 1670 826 1712; x_wconf 86' lang='lat'>3.</span> <span class='ocrx_word' id='word_1_252' title='bbox 855 1652 1234 1701; x_wconf 82' lang='lat' dir='ltr'>obseruationum</span> <span class='ocrx_word' id='word_1_253' title='bbox 1270 1653 1677 1703; x_wconf 84' lang='lat' dir='ltr'>Ecclefiasticarum.</span> <span class='ocrx_word' id='word_1_254' title='bbox 1748 1656 1965 1703; x_wconf 88' lang='lat' dir='ltr'>Grotium</span> <span class='ocrx_word' id='word_1_255' title='bbox 1995 1655 2050 1701; x_wconf 85' lang='lat' dir='ltr'>ad</span> 
     </span>
     <span class='ocr_line' id='line_1_25' title="bbox 100 1720 2049 1786; baseline -0.001 -17"><span class='ocrx_word' id='word_1_256' title='bbox 100 1725 235 1770; x_wconf 90' lang='lat' dir='ltr'>Rom.</span> <span class='ocrx_word' id='word_1_257' title='bbox 260 1724 380 1768; x_wconf 89' lang='lat' dir='ltr'><strong>XVI.</strong></span> <span class='ocrx_word' id='word_1_258' title='bbox 409 1728 483 1771; x_wconf 84' lang='lat'>16.</span> <span class='ocrx_word' id='word_1_259' title='bbox 523 1722 825 1784; x_wconf 89' lang='lat' dir='ltr'>Binghamum</span> <span class='ocrx_word' id='word_1_260' title='bbox 845 1720 920 1768; x_wconf 90' lang='lat' dir='ltr'>lib.</span> <span class='ocrx_word' id='word_1_261' title='bbox 951 1736 1019 1772; x_wconf 82' lang='lat'>12.</span> <span class='ocrx_word' id='word_1_262' title='bbox 1042 1739 1189 1786; x_wconf 86' lang='lat' dir='ltr'>cap.4.</span> <span class='ocrx_word' id='word_1_263' title='bbox 1211 1726 1247 1783; x_wconf 57' lang='grc' dir='ltr'>ᾗ.</span> <span class='ocrx_word' id='word_1_264' title='bbox 1275 1741 1312 1779; x_wconf 79' lang='grc' dir='ltr'>ς.</span> <span class='ocrx_word' id='word_1_265' title='bbox 1350 1726 1532 1769; x_wconf 88' lang='lat' dir='ltr'>Petrum</span> <span class='ocrx_word' id='word_1_266' title='bbox 1550 1723 1800 1770; x_wconf 73' lang='lat' dir='ltr'>Mullerum</span> <span class='ocrx_word' id='word_1_267' title='bbox 1821 1723 1877 1769; x_wconf 89' lang='lat' dir='ltr'>de</span> <span class='ocrx_word' id='word_1_268' title='bbox 1896 1720 2049 1769; x_wconf 91' lang='lat' dir='ltr'>osculo</span> 
     </span>
     <span class='ocr_line' id='line_1_26' title="bbox 101 1786 2051 1853; baseline -0.001 -16"><span class='ocrx_word' id='word_1_269' title='bbox 101 1786 277 1853; x_wconf 62' lang='lat' dir='ltr'>sanae,</span> <span class='ocrx_word' id='word_1_270' title='bbox 313 1792 443 1836; x_wconf 87' lang='lat' dir='ltr'>Ienae</span> <span class='ocrx_word' id='word_1_271' title='bbox 472 1797 609 1848; x_wconf 82' lang='lat'>1675.</span> <span class='ocrx_word' id='word_1_272' title='bbox 633 1804 677 1836; x_wconf 89' lang='lat' dir='ltr'>et</span> <span class='ocrx_word' id='word_1_273' title='bbox 702 1796 843 1848; x_wconf 82' lang='lat'>1718.</span> <span class='ocrx_word' id='word_1_274' title='bbox 876 1804 920 1836; x_wconf 90' lang='lat' dir='ltr'>et</span> <span class='ocrx_word' id='word_1_275' title='bbox 945 1792 1125 1836; x_wconf 88' lang='lat' dir='ltr'>Ioannis</span> <span class='ocrx_word' id='word_1_276' title='bbox 1155 1787 1406 1837; x_wconf 84' lang='lat' dir='ltr'>Gottfriedi</span> <span class='ocrx_word' id='word_1_277' title='bbox 1427 1792 1587 1853; x_wconf 84' lang='lat' dir='ltr'>Langii</span> <span class='ocrx_word' id='word_1_278' title='bbox 1618 1791 2051 1837; x_wconf 87' lang='lat' dir='ltr'>commentationem</span> 
     </span>
     <span class='ocr_line' id='line_1_27' title="bbox 103 1854 2052 1922; baseline 0.001 -20"><span class='ocrx_word' id='word_1_279' title='bbox 103 1859 401 1919; x_wconf 83' lang='lat' dir='ltr'>germanicam</span> <span class='ocrx_word' id='word_1_280' title='bbox 433 1856 488 1904; x_wconf 90' lang='lat' dir='ltr'>de</span> <span class='ocrx_word' id='word_1_281' title='bbox 514 1855 667 1904; x_wconf 88' lang='lat' dir='ltr'>osculo</span> <span class='ocrx_word' id='word_1_282' title='bbox 699 1858 821 1921; x_wconf 84' lang='lat' dir='ltr'>pacis</span> <span class='ocrx_word' id='word_1_283' title='bbox 850 1872 1056 1904; x_wconf 85' lang='lat' dir='ltr'>veterum</span> <span class='ocrx_word' id='word_1_284' title='bbox 1080 1854 1464 1916; x_wconf 88' lang='lat' dir='ltr'>Christianorum,</span> <span class='ocrx_word' id='word_1_285' title='bbox 1496 1856 1673 1922; x_wconf 74' lang='lat' dir='ltr'>Lipfiae&#39;</span> <span class='ocrx_word' id='word_1_286' title='bbox 1697 1874 1840 1919; x_wconf 86' lang='lat'>1747.</span> <span class='ocrx_word' id='word_1_287' title='bbox 1867 1875 1912 1920; x_wconf 82' lang='lat'>4.</span> <span class='ocrx_word' id='word_1_288' title='bbox 1978 1859 2052 1904; x_wconf 88' lang='lat' dir='ltr'>De</span> 
     </span>
     <span class='ocr_line' id='line_1_28' title="bbox 103 1921 2051 1986; baseline -0.001 -16"><span class='ocrx_word' id='word_1_289' title='bbox 103 1921 255 1970; x_wconf 89' lang='lat' dir='ltr'>osculo</span> <span class='ocrx_word' id='word_1_290' title='bbox 278 1922 488 1986; x_wconf 86' lang='lat' dir='ltr'>religioso</span> <span class='ocrx_word' id='word_1_291' title='bbox 509 1926 787 1972; x_wconf 88' lang='lat' dir='ltr'>Matthaeum</span> <span class='ocrx_word' id='word_1_292' title='bbox 810 1927 1078 1972; x_wconf 88' lang='lat' dir='ltr'>Brouerium</span> <span class='ocrx_word' id='word_1_293' title='bbox 1100 1925 1154 1971; x_wconf 86' lang='lat' dir='ltr'>de</span> <span class='ocrx_word' id='word_1_294' title='bbox 1172 1925 1403 1979; x_wconf 86' lang='lat' dir='ltr'>Niedeck,</span> <span class='ocrx_word' id='word_1_295' title='bbox 1432 1924 1558 1971; x_wconf 70' lang='lat' dir='ltr'>&#39;libro</span> <span class='ocrx_word' id='word_1_296' title='bbox 1581 1926 1636 1972; x_wconf 90' lang='lat' dir='ltr'>de</span> <span class='ocrx_word' id='word_1_297' title='bbox 1663 1941 1867 1973; x_wconf 87' lang='lat' dir='ltr'>veterum</span> <span class='ocrx_word' id='word_1_298' title='bbox 1896 1924 2051 1970; x_wconf 88' lang='lat' dir='ltr'>adora-</span> 
     </span>
     <span class='ocr_line' id='line_1_29' title="bbox 102 1988 2049 2057; baseline -0.001 -19"><span class='ocrx_word' id='word_1_299' title='bbox 102 1990 326 2044; x_wconf 84' lang='lat' dir='ltr'>tionibus,</span> <span class='ocrx_word' id='word_1_300' title='bbox 347 1992 488 2055; x_wconf 88' lang='lat' dir='ltr'>capite</span> <span class='ocrx_word' id='word_1_301' title='bbox 509 2005 587 2051; x_wconf 75' lang='lat'>25.</span> <span class='ocrx_word' id='word_1_302' title='bbox 662 1992 878 2040; x_wconf 90' lang='lat' dir='ltr'>Allatium</span> <span class='ocrx_word' id='word_1_303' title='bbox 905 2009 949 2057; x_wconf 90' lang='lat' dir='ltr'>p.</span> <span class='ocrx_word' id='word_1_304' title='bbox 973 2003 1077 2055; x_wconf 78' lang='lat'>378.</span> <span class='ocrx_word' id='word_1_305' title='bbox 1101 1993 1156 2039; x_wconf 88' lang='lat' dir='ltr'>de</span> <span class='ocrx_word' id='word_1_306' title='bbox 1181 1989 1397 2039; x_wconf 88' lang='lat' dir='ltr'>consensu</span> <span class='ocrx_word' id='word_1_307' title='bbox 1419 2007 1462 2039; x_wconf 89' lang='lat' dir='ltr'>et</span> <span class='ocrx_word' id='word_1_308' title='bbox 1482 1996 1602 2039; x_wconf 90' lang='lat' dir='ltr'>Ioan.</span> <span class='ocrx_word' id='word_1_309' title='bbox 1619 1994 1865 2040; x_wconf 88' lang='lat' dir='ltr'>Frontonis</span> <span class='ocrx_word' id='word_1_310' title='bbox 1885 1988 2049 2037; x_wconf 83' lang='lat' dir='ltr'>differt.</span> 
     </span>
     <span class='ocr_line' id='line_1_30' title="bbox 102 2055 2048 2125; baseline -0.001 -19"><span class='ocrx_word' id='word_1_311' title='bbox 102 2060 157 2106; x_wconf 89' lang='lat' dir='ltr'>de</span> <span class='ocrx_word' id='word_1_312' title='bbox 179 2059 298 2105; x_wconf 89' lang='lat' dir='ltr'>cultu</span> <span class='ocrx_word' id='word_1_313' title='bbox 320 2055 589 2107; x_wconf 66' lang='lat' dir='ltr'>sanssorum.</span> <span class='ocrx_word' id='word_1_314' title='bbox 658 2061 729 2105; x_wconf 92' lang='lat' dir='ltr'>De</span> <span class='ocrx_word' id='word_1_315' title='bbox 747 2060 839 2106; x_wconf 86' lang='lat' dir='ltr'>vita</span> <span class='ocrx_word' id='word_1_316' title='bbox 858 2062 1029 2125; x_wconf 85' lang='lat' dir='ltr'>priuata</span> <span class='ocrx_word' id='word_1_317' title='bbox 1048 2075 1092 2108; x_wconf 90' lang='lat' dir='ltr'>et</span> <span class='ocrx_word' id='word_1_318' title='bbox 1111 2077 1214 2108; x_wconf 88' lang='lat' dir='ltr'>cura</span> <span class='ocrx_word' id='word_1_319' title='bbox 1236 2058 1473 2108; x_wconf 86' lang='lat' dir='ltr'>domestica</span> <span class='ocrx_word' id='word_1_320' title='bbox 1491 2075 1695 2107; x_wconf 87' lang='lat' dir='ltr'>veterum</span> <span class='ocrx_word' id='word_1_321' title='bbox 1710 2063 2048 2108; x_wconf 85' lang='lat' dir='ltr'>Germanorum</span> 
     </span>
     <span class='ocr_line' id='line_1_31' title="bbox 102 2122 1631 2192; baseline -0.001 -17"><span class='ocrx_word' id='word_1_322' title='bbox 102 2127 210 2175; x_wconf 89' lang='lat' dir='ltr'>vide</span> <span class='ocrx_word' id='word_1_323' title='bbox 233 2122 426 2172; x_wconf 82' lang='lat' dir='ltr'>Cleffelii</span> <span class='ocrx_word' id='word_1_324' title='bbox 446 2125 726 2189; x_wconf 82' lang='lat' dir='ltr'>antiquitates</span> <span class='ocrx_word' id='word_1_325' title='bbox 747 2143 838 2192; x_wconf 86' lang='lat' dir='ltr'>cap.</span> <span class='ocrx_word' id='word_1_326' title='bbox 851 2131 903 2175; x_wconf 92' lang='lat' dir='ltr'>X.</span> <span class='ocrx_word' id='word_1_327' title='bbox 1239 2181 1243 2185; x_wconf 16' lang='grc' dir='ltr'><strong>ἡ</strong></span> <span class='ocrx_word' id='word_1_328' title='bbox 1628 2146 1631 2148; x_wconf 93' lang='grc'><em>·</em></span> 
     </span>
    </p>

    <p class='ocr_par' dir='ltr' id='par_1_7' title="bbox 38 2190 2046 2736">
     <span class='ocr_line' id='line_1_32' title="bbox 237 2190 2046 2261; baseline 0 -20"><span class='ocrx_word' id='word_1_329' title='bbox 237 2197 309 2241; x_wconf 89' lang='lat' dir='ltr'>De</span> <span class='ocrx_word' id='word_1_330' title='bbox 332 2192 592 2260; x_wconf 79' lang='lat' dir='ltr'>Corporibus</span> <span class='ocrx_word' id='word_1_331' title='bbox 614 2190 702 2240; x_wconf 84' lang='lat' dir='ltr'>fine</span> <span class='ocrx_word' id='word_1_332' title='bbox 720 2196 906 2261; x_wconf 78' lang='lat' dir='ltr'>Collegiis</span> <span class='ocrx_word' id='word_1_333' title='bbox 930 2193 1127 2261; x_wconf 85' lang='lat' dir='ltr'>Opificum</span> <span class='ocrx_word' id='word_1_334' title='bbox 1141 2228 1154 2251; x_wconf 90' lang='lat'><strong>‚</strong></span> <span class='ocrx_word' id='word_1_335' title='bbox 1176 2210 1226 2241; x_wconf 91' lang='lat' dir='ltr'>vt</span> <span class='ocrx_word' id='word_1_336' title='bbox 1247 2195 1541 2251; x_wconf 58' lang='lat' dir='ltr'>amariorum,</span> <span class='ocrx_word' id='word_1_337' title='bbox 1560 2195 1917 2257; x_wconf 88' lang='lat' dir='ltr'>argentariorum</span> <span class='ocrx_word' id='word_1_338' title='bbox 1938 2193 2046 2241; x_wconf 84' lang='lat' dir='ltr'>alio·</span> 
     </span>
     <span class='ocr_line' id='line_1_33' title="bbox 100 2258 2045 2327; baseline -0.003 -15"><span class='ocrx_word' id='word_1_339' title='bbox 100 2279 311 2327; x_wconf 60' lang='lat' dir='ltr'>rumque,</span> <span class='ocrx_word' id='word_1_340' title='bbox 331 2273 675 2326; x_wconf 86' lang='lat' dir='ltr'>corporatorum</span> <span class='ocrx_word' id='word_1_341' title='bbox 706 2258 986 2309; x_wconf 86' lang='lat' dir='ltr'>societatibus</span> <span class='ocrx_word' id='word_1_342' title='bbox 1016 2277 1058 2308; x_wconf 90' lang='lat' dir='ltr'>et</span> <span class='ocrx_word' id='word_1_343' title='bbox 1086 2261 1422 2316; x_wconf 86' lang='lat' dir='ltr'>contuberniis,</span> <span class='ocrx_word' id='word_1_344' title='bbox 1459 2279 1655 2325; x_wconf 90' lang='lat' dir='ltr'>quorum</span> <span class='ocrx_word' id='word_1_345' title='bbox 1689 2264 1736 2308; x_wconf 87' lang='lat' dir='ltr'>in</span> <span class='ocrx_word' id='word_1_346' title='bbox 1764 2262 1957 2324; x_wconf 89' lang='lat' dir='ltr'>antiquis</span> <span class='ocrx_word' id='word_1_347' title='bbox 1977 2263 2045 2307; x_wconf 86' lang='lat' dir='ltr'>in·</span> 
     </span>
     <span class='ocr_line' id='line_1_34' title="bbox 38 2327 2045 2395; baseline -0.001 -17"><span class='ocrx_word' id='word_1_348' title='bbox 38 2357 49 2363; x_wconf 47' lang='lat' dir='ltr'>v</span> <span class='ocrx_word' id='word_1_349' title='bbox 101 2328 420 2395; x_wconf 83' lang='lat' dir='ltr'>scriptionibus</span> <span class='ocrx_word' id='word_1_350' title='bbox 442 2345 534 2375; x_wconf 87' lang='lat' dir='ltr'>non</span> <span class='ocrx_word' id='word_1_351' title='bbox 557 2345 651 2375; x_wconf 87' lang='lat' dir='ltr'>rara</span> <span class='ocrx_word' id='word_1_352' title='bbox 674 2332 867 2384; x_wconf 72' lang='lat' dir='ltr'>mentio,</span> <span class='ocrx_word' id='word_1_353' title='bbox 902 2330 1124 2376; x_wconf 87' lang='lat' dir='ltr'>videndus</span> <span class='ocrx_word' id='word_1_354' title='bbox 1149 2332 1343 2394; x_wconf 88' lang='lat' dir='ltr'>Sponius</span> <span class='ocrx_word' id='word_1_355' title='bbox 1364 2332 1410 2376; x_wconf 89' lang='lat' dir='ltr'>in</span> <span class='ocrx_word' id='word_1_356' title='bbox 1441 2327 1729 2376; x_wconf 85' lang='lat' dir='ltr'>miscellaneis</span> <span class='ocrx_word' id='word_1_357' title='bbox 1751 2328 1949 2375; x_wconf 89' lang='lat' dir='ltr'>eruditae</span> <span class='ocrx_word' id='word_1_358' title='bbox 1969 2345 2045 2375; x_wconf 90' lang='lat' dir='ltr'>an-</span> 
     </span>
     <span class='ocr_line' id='line_1_35' title="bbox 101 2395 2043 2463; baseline -0.001 -18"><span class='ocrx_word' id='word_1_359' title='bbox 101 2400 341 2463; x_wconf 72' lang='lat' dir='ltr'>tiquitatis,</span> <span class='ocrx_word' id='word_1_360' title='bbox 377 2395 603 2443; x_wconf 85' lang='lat' dir='ltr'>Reinefius</span> <span class='ocrx_word' id='word_1_361' title='bbox 626 2397 671 2442; x_wconf 90' lang='lat' dir='ltr'>in</span> <span class='ocrx_word' id='word_1_362' title='bbox 694 2395 888 2460; x_wconf 84' lang='lat' dir='ltr'>epistolis</span> <span class='ocrx_word' id='word_1_363' title='bbox 908 2398 961 2444; x_wconf 91' lang='lat' dir='ltr'>ad</span> <span class='ocrx_word' id='word_1_364' title='bbox 989 2395 1306 2444; x_wconf 84' lang='lat' dir='ltr'>Hofmannum</span> <span class='ocrx_word' id='word_1_365' title='bbox 1329 2415 1426 2463; x_wconf 87' lang='lat' dir='ltr'>pag.</span> <span class='ocrx_word' id='word_1_366' title='bbox 1455 2405 1559 2458; x_wconf 77' lang='lat'>539.</span> <span class='ocrx_word' id='word_1_367' title='bbox 1605 2401 1827 2445; x_wconf 88' lang='lat' dir='ltr'>Gruterus</span> <span class='ocrx_word' id='word_1_368' title='bbox 1855 2411 1899 2444; x_wconf 86' lang='lat' dir='ltr'>et</span> <span class='ocrx_word' id='word_1_369' title='bbox 1919 2396 2043 2443; x_wconf 84' lang='lat' dir='ltr'>idem</span> 
     </span>
     <span class='ocr_line' id='line_1_36' title="bbox 100 2460 2041 2528; baseline -0.002 -15"><span class='ocrx_word' id='word_1_370' title='bbox 100 2464 328 2513; x_wconf 85' lang='lat' dir='ltr'>Reinesius</span> <span class='ocrx_word' id='word_1_371' title='bbox 349 2462 699 2528; x_wconf 85' lang='lat' dir='ltr'>Inscriptionum</span> <span class='ocrx_word' id='word_1_372' title='bbox 721 2460 996 2527; x_wconf 82' lang='lat' dir='ltr'>syntagmate</span> <span class='ocrx_word' id='word_1_373' title='bbox 1015 2463 1138 2513; x_wconf 88' lang='lat' dir='ltr'>claffe</span> <span class='ocrx_word' id='word_1_374' title='bbox 1160 2465 1359 2522; x_wconf 78' lang='lat' dir='ltr'>decima,</span> <span class='ocrx_word' id='word_1_375' title='bbox 1396 2464 1636 2514; x_wconf 82' lang='lat' dir='ltr'>Briffonius</span> <span class='ocrx_word' id='word_1_376' title='bbox 1667 2464 1743 2516; x_wconf 89' lang='lat' dir='ltr'>lib.</span> <span class='ocrx_word' id='word_1_377' title='bbox 1783 2481 1821 2514; x_wconf 87' lang='lat'>1.</span> <span class='ocrx_word' id='word_1_378' title='bbox 1851 2465 2041 2528; x_wconf 84' lang='lat' dir='ltr'>antiqui·</span> 
     </span>
     <span class='ocr_line' id='line_1_37' title="bbox 102 2530 2043 2599; baseline -0.001 -19"><span class='ocrx_word' id='word_1_379' title='bbox 102 2530 242 2580; x_wconf 85' lang='lat' dir='ltr'>tatum</span> <span class='ocrx_word' id='word_1_380' title='bbox 265 2534 373 2579; x_wconf 81' lang='lat' dir='ltr'>iuris</span> <span class='ocrx_word' id='word_1_381' title='bbox 394 2549 485 2596; x_wconf 88' lang='lat' dir='ltr'>cap.</span> <span class='ocrx_word' id='word_1_382' title='bbox 521 2548 587 2590; x_wconf 85' lang='lat'>¹4·</span> <span class='ocrx_word' id='word_1_383' title='bbox 625 2531 777 2578; x_wconf 84' lang='lat' dir='ltr'>Golzii</span> <span class='ocrx_word' id='word_1_384' title='bbox 799 2530 1024 2580; x_wconf 73' lang='lat' dir='ltr'>thesaurus</span> <span class='ocrx_word' id='word_1_385' title='bbox 1046 2538 1109 2581; x_wconf 87' lang='lat' dir='ltr'>rei</span> <span class='ocrx_word' id='word_1_386' title='bbox 1132 2535 1401 2597; x_wconf 87' lang='lat' dir='ltr'>antiquariae</span> <span class='ocrx_word' id='word_1_387' title='bbox 1423 2551 1463 2599; x_wconf 90' lang='lat' dir='ltr'>p.</span> <span class='ocrx_word' id='word_1_388' title='bbox 1488 2544 1592 2596; x_wconf 82' lang='lat'>185.</span> <span class='ocrx_word' id='word_1_389' title='bbox 1631 2534 1790 2595; x_wconf 88' lang='lat' dir='ltr'>Lazius</span> <span class='ocrx_word' id='word_1_390' title='bbox 1809 2535 1907 2581; x_wconf 88' lang='lat' dir='ltr'>XII.</span> <span class='ocrx_word' id='word_1_391' title='bbox 1921 2547 1966 2594; x_wconf 89' lang='lat'>4.</span> <span class='ocrx_word' id='word_1_392' title='bbox 1987 2531 2043 2579; x_wconf 86' lang='lat' dir='ltr'>de</span> 
     </span>
     <span class='ocr_line' id='line_1_38' title="bbox 103 2595 2041 2667; baseline -0.001 -21"><span class='ocrx_word' id='word_1_393' title='bbox 103 2600 332 2665; x_wconf 86' lang='lat' dir='ltr'>republica</span> <span class='ocrx_word' id='word_1_394' title='bbox 354 2602 566 2646; x_wconf 88' lang='lat' dir='ltr'>Romana.</span> <span class='ocrx_word' id='word_1_395' title='bbox 604 2595 827 2645; x_wconf 89' lang='lat' dir='ltr'>Onufrius</span> <span class='ocrx_word' id='word_1_396' title='bbox 845 2599 1303 2663; x_wconf 85' lang='lat' dir='ltr'>antiquit.Veronens.</span> <span class='ocrx_word' id='word_1_397' title='bbox 1325 2619 1368 2667; x_wconf 91' lang='lat' dir='ltr'>p.</span> <span class='ocrx_word' id='word_1_398' title='bbox 1386 2616 1458 2664; x_wconf 82' lang='lat'>54.</span> <span class='ocrx_word' id='word_1_399' title='bbox 1484 2609 1524 2651; x_wconf 90' lang='lat'>6.</span> <span class='ocrx_word' id='word_1_400' title='bbox 1544 2617 1587 2649; x_wconf 87' lang='lat' dir='ltr'>et</span> <span class='ocrx_word' id='word_1_401' title='bbox 1604 2617 1648 2666; x_wconf 90' lang='lat' dir='ltr'>p.</span> <span class='ocrx_word' id='word_1_402' title='bbox 1664 2616 1741 2663; x_wconf 88' lang='lat'>79.</span> <span class='ocrx_word' id='word_1_403' title='bbox 1754 2598 1847 2665; x_wconf 87' lang='lat' dir='ltr'>sqq.</span> <span class='ocrx_word' id='word_1_404' title='bbox 1884 2600 2041 2647; x_wconf 89' lang='lat' dir='ltr'>Guido</span> 
     </span>
     <span class='ocr_line' id='line_1_39' title="bbox 100 2664 2040 2736; baseline -0.001 -21"><span class='ocrx_word' id='word_1_405' title='bbox 100 2668 377 2718; x_wconf 83' lang='lat' dir='ltr'>Pancirollus</span> <span class='ocrx_word' id='word_1_406' title='bbox 399 2667 466 2719; x_wconf 48' lang='lat' dir='ltr'>‘de</span> <span class='ocrx_word' id='word_1_407' title='bbox 494 2666 761 2732; x_wconf 86' lang='lat' dir='ltr'>corporibus</span> <span class='ocrx_word' id='word_1_408' title='bbox 790 2664 1025 2721; x_wconf 76' lang='lat' dir='ltr'>artificum.</span> <span class='ocrx_word' id='word_1_409' title='bbox 1111 2669 1251 2719; x_wconf 85' lang='lat' dir='ltr'>Hadr.</span> <span class='ocrx_word' id='word_1_410' title='bbox 1288 2673 1466 2719; x_wconf 86' lang='lat' dir='ltr'>Beierus</span> <span class='ocrx_word' id='word_1_411' title='bbox 1495 2670 1550 2721; x_wconf 86' lang='lat' dir='ltr'>de</span> <span class='ocrx_word' id='word_1_412' title='bbox 1579 2669 1779 2733; x_wconf 84' lang='lat' dir='ltr'>collegiis</span> <span class='ocrx_word' id='word_1_413' title='bbox 1806 2665 2040 2736; x_wconf 82' lang='lat' dir='ltr'>opificum,</span> 
     </span>
    </p>

    <p class='ocr_par' dir='ltr' id='par_1_8' title="bbox 1091 2738 2040 2798">
     <span class='ocr_line' id='line_1_40' title="bbox 1091 2738 2040 2798; baseline -0.001 -13"><span class='ocrx_word' id='word_1_414' title='bbox 1091 2739 1128 2785; x_wconf 87' lang='lat' dir='ltr'>C</span> <span class='ocrx_word' id='word_1_415' title='bbox 1141 2754 1162 2785; x_wconf 90' lang='lat' dir='ltr'>c</span> <span class='ocrx_word' id='word_1_416' title='bbox 1177 2754 1198 2786; x_wconf 89' lang='lat' dir='ltr'>c</span> <span class='ocrx_word' id='word_1_417' title='bbox 1233 2751 1259 2798; x_wconf 80' lang='lat'>3</span> <span class='ocrx_word' id='word_1_418' title='bbox 1905 2738 2040 2786; x_wconf 80' lang='lat' dir='ltr'>lenae</span> 
     </span>
    </p>
   </div>
  </div>
 </body>
</html>
