2263 3027
881 92 975 154 DE
1007 100 1258 158 vsvais.
1306 110 1318 120 ‚
1365 72 1387 155 4-
1495 113 1500 154 ;
1728 141 1730 143 ,
1940 125 2038 181 807

240 222 379 285 Vfitra
396 225 608 287 centesima
629 219 934 291 appellabatur
962 229 1141 291 quando
1162 221 1346 292 fingulia
1366 230 1584 281 mensium
1607 234 1812 284 Calendis
1832 236 2042 286 drachma

105 306 192 358 pro
217 294 336 338 mina
358 290 445 340 fiue
468 291 698 340 centesima
721 290 822 358 pars
841 290 970 341 sortis
992 294 1035 336 3⁶
1057 294 1310 345 soluebatur
1330 301 1436 364 (per
1453 315 1621 348 annum
1651 317 1710 354 12
1735 307 2042 369 protentum.)

107 376 160 406 vt
189 358 301 420 beſjis
321 359 418 409 ,siue
447 361 613 426 duplex
643 361 1113 418 tertiuscentefimae,
1160 367 1338 428 quando
1372 366 1553 431 singulis
1583 369 1806 420 mensibus
1842 375 2043 439 pendent

109 425 214 475 οξὶο
246 445 330 494 pro
363 444 570 485 centurn,
603 431 778 477 dimidia.
806 431 1017 492 cen-testma
1051 430 1125 479 sex
1153 450 1238 497 pro
1270 450 1473 493 centum,
1509 441 1637 485 tertia
1657 456 1759 503 pars
1783 440 2044 489 centesimae

107 501 301 562 quatuor
329 515 414 563 pro
443 513 635 546 centum.
716 493 887 546 Confer
909 501 1161 547 Antonium
1183 501 1480 564 Augustinum
1512 505 1585 553 lib.
1606 523 1652 553 2.
1673 524 1766 572 cap.
1795 525 1868 560 10.
1894 525 2046 556 emen·

106 566 356 615 dationum.
425 564 691 613 Briss'onium
719 566 799 616 lll.
828 582 866 615 1.
889 570 1203 632 antiquitatum
1222 572 1345 620 iuris.
1416 572 1669 620 Salmasium
1690 592 1781 641 cap.
1805 580 1849 622 6.
1874 577 1929 624 de
1949 593 2047 624 mo-

109 636 167 681 do
193 631 450 689 vsurarum,
485 649 525 679 ct
551 636 842 696 Beueregium
875 637 929 682 ad
950 637 1230 700 Synodicum
1255 642 1321 685 M.
1350 657 1393 704 p.
1418 650 1473 702 83
1499 639 1562 705 sq.
1597 644 1647 688 int
1675 645 1794 690 notis
1821 645 1874 691 ad
1902 648 2046 691 Cano·

106 719 210 749 nem
243 718 314 764 17.
336 700 527 750 Concilii
549 703 755 750 Nicaeni.
829 706 984 751 Foemts
1016 710 1276 759 vnciarium,
1315 709 1438 769 quod
1466 710 1700 773 rogatione
1727 710 1961 759 tribunitia
1991 709 2046 763 ad

108 767 352 817 semuncias
380 767 609 816 redaffcum
641 767 818 817 testatur
852 773 1008 818 Liuius
1036 776 1136 820 VII.
1158 786 1222 835 27
1243 772 1304 838 sq.
1345 790 1388 822 et
1413 779 1596 826 Tacitus
1615 777 1694 827 VI.
1725 786 1781 829 16
1805 777 1855 844 sq
1901 779 2038 827 Scali-

106 855 218 900 gero
239 853 282 885 et
302 838 396 884 aliis
417 838 539 884 idem
560 835 620 884 est
645 854 746 884 cum
763 836 892 885 vsura
913 838 1164 894 centesima,
1185 841 1289 889 licet
1309 843 1558 902 Salmasius,
1591 849 1857 894 Gronouius
1879 862 2047 895 etcum

108 907 179 953 his
204 906 444 952 Noodtius-
462 906 807 970 37-contendant
834 923 887 953 eo
912 910 1058 954 notari
1076 907 1261 969 fingulis
1299 910 1520 958 mensibus
1554 912 1742 974 singulas
1767 912 1931 962 solutas
1965 930 2048 961 vn-

106 976 194 1020 cias
213 990 384 1038 partem
405 971 496 1020 aslis
524 973 863 1028 duodecimam,
904 991 954 1021 vt
979 974 1195 1023 leuiffimo
1220 974 1412 1025 foenore
1438 995 1520 1042 per
1545 981 1771 1042 integrum
1797 999 1963 1028 annum
1992 996 2048 1030 ex

105 1058 289 1088 centum
325 1040 480 1088 affibus
514 1058 654 1088 vnum
690 1041 822 1090 assem
861 1044 1058 1090 creditor
1093 1043 1308 1091 retulerit.
1365 1048 1532 1093 -Foenus
1563 1053 1846 1096 trientarium
1877 1048 2050 1097 dietum

107 1108 193 1172 est,
230 1109 408 1175 quando
429 1108 610 1171 singulis
632 1109 929 1157 trimestribus
953 1111 1186 1160 centefima
1207 1129 1309 1177 pars
1330 1109 1458 1160 sortis
1481 1112 1734 1162 soluebatur
1753 1119 1823 1180 (4
1842 1134 1928 1182 pro
1953 1133 2050 1163 cem

106 1180 241 1239 turn)
276 1178 380 1233 vide
401 1175 711 1226 Casaubonum
739 1179 794 1225 ad
814 1180 1067 1243 Lamp-ridii
1087 1179 1395 1227 Alexandrum
1418 1184 1637 1230 Seuerum
1669 1200 1767 1247 pag.
1788 1198 1903 1248 923.
1926 1200 1975 1232 et
1995 1182 2050 1233 ad

107 1247 397 1296 Antoninum
409 1248 539 1308 Pium
564 1247 810 1309 Capitolini
831 1264 930 1311 pag,
945 1261 1056 1300 250.
1131 1248 1268 1308 Vficra
1288 1248 1481 1296 hemiolia
1500 1248 1589 1297 siue
1609 1248 1823 1316 sescupla,
1864 1252 2047 1316 quando

109 1317 441 1361 mutuum'cum
465 1313 597 1359 altera
619 1328 743 1376 parte
765 1314 948 1359 dimidia
968 1312 1099 1360 sortis
1120 1316 1362 1378 recipitur:
1399 1316 1505 1362 vide
1524 1320 1848 1380 Reuereg.loco
1869 1319 2046 1367 laudato

110 1398 156 1447 p,
181 1388 244 1440 84
263 1377 324 1444 sq.
401 1383 554 1426 Foenus
581 1383 796 1425 nauticum
817 1379 1053 1426 Plutarcho
1076 1383 1118 1420 38
1142 1383 1338 1428 maxime
1368 1383 1575 1446 iniquum
1605 1382 1776 1442 visum,
1814 1384 2053 1437 traiefhtia

110 1449 302 1516 pecunia
329 1462 519 1513 propter
537 1446 790 1511 periculum
814 1448 1047 1494 creditoris
1069 1446 1263 1495 infinitas
1285 1446 1436 1496 vsuras
1467 1451 1620 1500 valens
1648 1455 1873 1518 recipere,
1907 1471 2050 1518 quum

111 1521 274 1566 itinere
307 1513 508 1563 absoluto
539 1512 711 1560 sun-inm
743 1515 969 1563 reddenda
998 1514 1059 1562 est
1089 1533 1176 1563 vna
1205 1533 1307 1564 cum
1334 1515 1537 1566 foenore.
1609 1522 1892 1583 Anatoczfinus
1914 1524 2051 1570 etiam

111 1590 145 1648 a}
159 1588 379 1633 Cicerone
397 1581 522 1649 epist.
546 1582 600 1629 ad
620 1583 752 1630 Attic.
775 1585 830 1630 V.
853 1582 934 1630 vlt.
966 1598 1010 1629 et
1031 1586 1109 1631 VI.
1143 1602 1176 1630 ι.
1205 1598 1249 1643 3.
1269 1599 1314 1646 4.
1339 1600 1390 1631 et
1419 1602 1444 1632 a
1474 1588 1588 1634 ICtis
1617 1588 2052 1654 appellatur-‚quod

110 1653 350 1708 Plutarcho
377 1652 676 1703 παλιντοκία,
713 1650 892 1713 quando
919 1647 1050 1698 vsura
1071 1647 1182 1698 sorti
1208 1651 1375 1699 accedit
1408 1666 1451 1699 et
1486 1669 1541 1701 ex
1568 1654 1643 1701 illa
1676 1673 1862 1720 quoque
1885 1654 2051 1704 foenus

111 1718 375 1786 reposcitur.
445 1719 743 1780 Reliquatores
763 1715 881 1772 sunt,
920 1719 998 1784 qui
1018 1735 1111 1766 non
1142 1721 1371 1780 integrum
1394 1721 1586 1785 amplius
1609 1720 1682 1769 sed
1704 1739 1878 1787 partem
1904 1722 2054 1772 solum
2078 1768 2083 1773 .

111 1790 224 1838 aeris
253 1787 386 1834 alieni
417 1799 460 1832 et
497 1781 700 1831 foenoris
732 1785 908 1832 debent.
979 1786 1095 1834 Vide
1127 1787 1442 1851 Tiraquellum
1473 1803 1517 1835 et
1545 1792 1629 1838 Iac.
1657 1788 1978 1845 Godofredum
2004 1794 2052 1839 in

112 1858 233 1906 notis
253 1855 308 1903 ad
327 1853 634 1902 Alexandrum
655 1851 707 1898 ab
733 1852 991 1899 Alexandro
1015 1867 1141 1900 tomo
1172 1870 1210 1901 1.
1239 1871 1338 1919 pag.
1363 1870 1441 1918 47.
1514 1854 1676 1904 Vsuras
1696 1855 1828 1924 supra
1859 1860 2051 1906 modum

111 1916 243 1972 sortis
273 1939 355 1970 nec
385 1922 507 1982 exigi
549 1936 631 1967 nec
666 1919 842 1973 deberi,
883 1919 1056 1982 legibus
1085 1937 1275 1968 cautum.
1382 1924 1497 1970 Vide
1526 1926 1822 1974 sirmondum
1850 1942 1978 1974 tomo
2012 1943 2051 1976 1.

113 1990 195 2041 fol.
229 1998 339 2048 963.
426 1992 496 2035 De
534 1984 684 2034 mensa
711 1986 932 2035 Danistica
968 1986 1056 2035 fiue
1086 1988 1384 2037 Lombardica
1413 1991 1670 2055 (tombam)
1701 1993 1790 2042 siue
1820 1993 2051 2041 montibus

112 2058 316 2127 pietatiS‚
348 2070 398 2102 vt
420 2056 724 2119 appellantur,
760 2053 1021 2103 austoritate
1039 2057 1217 2122 publica
1235 2058 1290 2104 ad
1310 2060 1690 2122 praeueniendam
1710 2059 2052 2109 foeneratorum

113 2131 394 2192 impietatem
419 2122 639 2168 institutos
658 2123 764 2168 vide
787 2123 1029 2170 Nicolaum
1055 2129 1345 2172 Comnenum
1365 2128 1642 2191 Papadopoli
1672 2131 1717 2174 in
1747 2130 2069 2193 praenotioni»

98 2195 199 2244 'bus
234 2191 563 2256 mystagogycis
593 2206 633 2252 p.
660 2203 768 2239 200.
842 2195 1160 2239 Hermannum
1183 2193 1428 2241 Latherum
1457 2195 1511 2240 de
1542 2192 1672 2243 censu
1696 2196 1772 2242 lib.
1798 2214 1835 2256 3.
1855 2212 1951 2259 cap.
1975 2209 2050 2253 23.

116 2262 344 2312 Dorothei
369 2255 543 2305 Asciani
568 2255 656 2302 flue
683 2259 905 2306 Matthiae
925 2261 1285 2306 Zimmermanni
1321 2275 1497 2305 montes
1529 2263 1706 2324 pietatis
1734 2259 2049 2312 Romanenses.

109 2328 240 2404 ΜΒΓ.
268 2336 407 2391 1670.
426 2341 472 2389 4.
496 2340 598 2373 cum
622 2325 969 2379 Nicol.‚Bariaui
989 2326 1043 2372 de
1055 2326 1275 2375 Placentia
1295 2326 1526 2376 montibus
1553 2329 1795 2396 impietatis
1829 2345 1872 2378 et
1901 2329 2050 2380 Mieh.

1018 2395 1055 2444 Z
1095 2405 1128 2446 2
1916 2400 2051 2462 Papa-

183 2540 222 2574 36
255 2542 406 2582 Summa
429 2539 536 2581 sortis
565 2539 674 2588 (bag
699 2537 894 2590 Gapitai)
926 2540 1077 2580 Graecis
1106 2550 1260 2591 quoque
1289 2541 1508 2591 κεφάλαιον,
1536 2539 1624 2580 vide
1651 2538 1874 2581 'si-istanum
1912 2550 1992 2581 tom
2014 2553 2050 2585 1.

118 2611 156 2649 p.
173 2608 266 2640 ΠΙ.
285 2609 321 2637 et
341 2598 545 2644 Rigalrium
568 2595 614 2633 atl
635 2596 924 2635 Artemidorum
944 2608 982 2648 p.
1003 2602 1041 2645 8.
1099 2596 1253 2635 Dicitur
1273 2609 1425 2648 quoque
1444 2597 1620 2648 ἀρχαῖον,
1644 2606 1682 2636 vt
1701 2606 1805 2636 notat
1823 2597 1922 2636 God.
1939 2598 2049 2638 Olea·⁵

40 2656 46 2659 ’
115 2652 195 2699 tius
217 2652 267 2696 ad
288 2649 550 2693 Philostratum
576 2665 611 2703 p.
638 2664 652 2692 1

185 2712 220 2738 ³⁷
237 2710 302 2746 His
314 2708 502 2747 assentitur
516 2661 1004 2759 hfidolplifloffinannus
1017 2703 1203 2744 obferunt.
1218 2684 1359 2757 politic?¹
1373 2719 1408 2757 p.
1421 2706 1514 2758 466.
1540 2705 1714 2745 Dissentit
1723 2706 1836 2745 Mart.
1848 2706 2050 2749 Schockius

119 2760 168 2805 de
183 2758 333 2806 foenere
346 2763 513 2803 vnciario
527 2762 609 2800 adv,
622 2762 880 2800 Gronouium.
891 2760 1101 2813 Grocning.
1117 2758 1237 2800 1661.
1251 2766 1288 2807 8.
1302 2771 1338 2799 et
1346 2761 1489 2809 Calon.
1502 2760 1796 2815 Brandenburg.
1813 2761 1929 2812 1668.
1943 2765 1982 2809 8,

184 2815 221 2850 ³⁸
252 2817 352 2861 Vide
372 2818 640 2861 Caiaubonum
659 2817 709 2858 ad
728 2818 762 2857 T
767 2814 980 2872 heophrasti
996 2814 1195 2859 character.
1212 2827 1244 2859 c.
1269 2815 1333 2858 vlt.
