2263 3027
230 120 293 175 :4
430 108 580 164 CAP.
617 112 648 161 1.
718 108 1386 181 ANTIQITATAVM
1455 92 2045 182 HEBRA1CARVM

233 232 438 282 Iudaicae
458 221 675 288 selestam.
745 237 865 284 Vide
891 237 1093 285 eiusdem
1117 237 1269 285 Caroli
1293 239 1455 285 Arndii
1481 241 1919 299 commentationem
1952 239 2009 290 de
2032 224 2124 289 vita
2137 256 2180 290 et

233 297 408 367 scriptis
433 307 630 369 parentis
654 303 730 359 sui,
768 307 815 353 in
840 310 983 353 Henr.
1016 308 1247 371 Pippingii
1282 310 1516 355 memoriis
1550 298 1904 372 Theologorum
1940 327 1984 374 p.
2005 319 2108 370 178.
2135 324 2179 358 et

233 372 489 418 orationem
509 374 816 436 inauguralem
852 373 1083 422 Rostochii
1126 390 1261 433 ¹711.
1297 376 1474 422 editam·
1492 393 1536 442 p.
1567 392 1642 435 15.
1673 387 1745 428 16.
1815 375 1894 425 Ast
1927 394 2039 447 vero
2070 395 2179 442 pro-

234 435 371 485 miffis
393 436 478 487 suis
503 444 621 489 haud
642 439 757 489 stetit
799 439 916 489 filius
953 447 1050 490 Car.
1081 444 1292 490 Arndius.
1718 501 1721 504 ἱ

372 509 587 573 Inprimis
609 527 756 558 autem
781 512 1208 559 harumlitterarum
1239 509 1417 557 studiosi
1450 510 1747 558 vehementer
1779 528 2008 577 optarunt,
2046 526 2098 559 vt
2126 514 2177 562 in.

226 572 380 621 lucem
410 576 526 625 edita
546 576 739 633 fuissent,
778 596 888 643 quae
909 580 962 627 de
981 579 1316 644 antiquitatibus
1340 578 1577 626 Hebraicis
1601 581 1654 626 ad
1676 577 1898 627 sacrarum
1922 581 2175 627 litterarum

231 639 381 690 luc'em
405 643 631 694 obseruata
654 649 764 703 olim
787 648 996 712 praeclare
1026 646 1127 695 sunt
1164 649 1376 694 Theodoro
1415 645 1620 710 Dizffoztio,
1636 651 1732 710 {lui
1765 646 2172 710 Wittebergensem

220 713 434 774 primum
451 726 501 760 ‘ac
523 715 686 761 deinde
708 714 1012 763 Kiloniensem
1037 716 1308 763 academiam
1332 716 1587 762 eruditione
1620 713 1693 761 sua
1715 733 1761 762 ac
1785 719 1958 763 meritis
1980 719 2172 773 ornauit,

229 792 274 823 et
299 778 495 844 denique
516 785 937 848 Superintendentis
962 780 1091 847 Regii
1114 784 1333 846 generalis
1367 782 1566 848 partibus
1600 787 1647 828 in
1678 782 1880 831 Holsatia
1910 786 2025 846 regii
2053 785 2171 831 iuris

227 861 333 894 cum
353 848 483 896 laude
504 847 685 898 functus
708 850 780 905 est,
816 858 868 899 A.
891 867 976 910 172
995 869 1026 899 1.
1050 851 1182 898 rebus
1203 853 1413 898 humanis
1435 866 1628 915 ereptus.
1749 852 1751 854 ’

362 917 571 964 Promifit
598 921 672 965 vir
707 921 784 966 ille
813 920 1146 967 Celeberrimus
1179 935 1214 968 ι.
1253 917 1501 966 Historiam
1522 917 1795 966 -Hebraeam
1821 935 1861 966 2.
1901 918 2170 977 Verfionem

225 983 395 1031 codicis
413 986 674 1033 Talmudici
708 989 1002 1043 Menacho‘th,
1040 986 1129 1034 siue
1150 987 1204 1034 de
1231 986 1494 1033 muneribus
1530 983 1714 1048 frugum
1749 991 1849 1034 D‘eo'
1884 986 2043 1034 oblatis
2063 1005 2166 1034 cum

216 1064 317 1119 'tota
344 1067 524 1113 gemara
552 1054 835 1118 Babylonica.
909 1072 949 1117 3.
972 1057 1176 1103 Lexicon
1208 1054 1486 1102 Hebraicum
1510 1057 1856 1119 empti-aticum*
1923 1073 1969 1112 4.
1991 1059 2034 1102 V
2037 1054 2167 1103 erfio-

221 1135 330 1166 nem
343 1124 676 1169 Commentarii
688 1124 941 1170 Salomonis
954 1124 1130 1177 Iarchii,
1147 1128 1188 1160 15
1228 1120 1466 1169 dofflffimi
1481 1123 1739 1169 litteratoris
1754 1122 1969 1178 Hebraei,
1981 1125 2026 1169 in
2048 1126 2166 1169 Exo-

221 1186 332 1235 dum
368 1203 413 1235 et
443 1192 714 1240 Leuiticum.
785 1206 825 1253 5.
863 1191 1052 1238 Codices
1083 1191 1330 1237 nonnullos
1360 1188 1640 1236 Mischnicos
1673 1193 1831 1237 Latine
1861 1188 2028 1243 versos,
2064 1188 2163 1237 suae

219 1254 311 1302 l‘uci
335 1254 572 1312 restitutos,
614 1274 657 1305 et
676 1274 703 1305 ‘a
722 1259 918 1305 tenebris
941 1257 1102 1322 quibus
1127 1258 1179 1304 ab
1202 1259 1298 1304 aliis
1319 1257 1668 1304 inuoluebantur
1691 1258 1915 1313 liberatos,
1951 1276 1994 1306 v.
2016 1276 2055 1320 g,
2077 1262 2162 1305 Co-

219 1322 368 1370 dicem
390 1324 538 1372 Babha
563 1329 725 1374 Mezia.
798 1331 841 1374 6.
880 1325 1020 1374 Mofis
1048 1326 1346 1391 Maimonidis
1367 1326 1522 1372 titulos
1547 1326 1691 1381 duos„
1710 1343 1875 1390 nempe
1899 1326 2080 1371 titulum
2105 1321 2174 1372 de‘

220 1390 541 1446 oblationibUS,
582 1410 625 1441 et
642 1394 825 1440 titulum
848 1394 902 1439 de
922 1392 1050 1439 ficlis.
1121 1407 1164 1449 7.
1201 1396 1302 1437 Ioni
1326 1392 1483 1446 Tobh‚
1519 1408 1739 1438 accuratas
1753 1394 2159 1439 commentationes

214 1459 264 1505 in
288 1461 470 1506 titulum
493 1461 547 1506 de
573 1464 673 1522 Iugi
698 1458 930 1518 sacrificio,
948 1475 991 1506 et
1016 1460 1199 1505 titulum
1228 1460 1282 1505 de
1302 1456 1414 1505 festo
1448 1461 1717 1521 expiatorio.
1791 1468 1834 1514 8.
1873 1458 2157 1516 Holocausta,

212 1524 420 1574 viglimas
443 1545 527 1591 pro
551 1543 732 1592 peccato
758 1543 801 1574 ct
836 1544 921 1590 pro
952 1542 1076 1572 reatu
1105 1524 1258 1579 caesas,
1294 1541 1345 1571 vt
1367 1540 1410 1572 et
1443 1524 1648 1571 viffimas
1683 1523 1929 1582 salutares,-
1949 1544 2003 1573 ex
2037 1528 2156 1574 libro

214 1592 520 1658 antiquiffimo
543 1596 712 1660 Siphra,
750 1610 887 1657 quem
910 1593 1060 1639 Iudaei
1088 1591 1244 1639 ferunt
1276 1595 1323 1639 in
1365 1593 1534 1649 oculiS,
1572 1592 1815 1642 recensitas,
1890 1610 1937 1652 9.
1972 1596 2155 1641 Titulos

211 1662 328 1709 duos
360 1662 598 1708 Talmudis
629 1658 1062 1722 Hierosolymitani‚
1100 1677 1266 1725 nempe
1286 1661 1472 1707 titulum
1507 1661 1562 1706 de
1591 1657 1801 1707 sollemni
1824 1664 2154 1726 comparitione

210 1731 262 1777 in
282 1727 414 1782 festis,
455 1742 498 1776 et
520 1729 702 1775 titulum
727 1728 780 1774 de
804 1729 1032 1791 primitiis.
1136 1732 1264 1791 Qos
1296 1745 1319 1774 a
1351 1725 1394 1775 se
1430 1726 1751 1793 exspectandos
1784 1727 1957 1776 labores
1979 1727 2078 1794 Ipse
2102 1735 2151 1779 B.
2215 1760 2219 1764 ·

209 1794 447 1846 Dass'ouius
480 1796 662 1859 vberius
687 1794 923 1843 recenfitos
959 1792 1096 1841 inseri
1126 1794 1243 1843 iuffit
1279 1798 1432 1843 Nouis
1463 1796 1690 1843 litterariis
1724 1799 1857 1844 maris
1881 1799 2066 1844 Balthici
2098 1795 2151 1845 A.

212 1880 358 1927 1705.
379 1883 423 1930 p.
442 1873 517 1922 86.
586 1865 850 1912 Dolendum
880 1878 999 1910 certe
1020 1865 1317 1911 vehementer
1339 1863 1411 1918 est,
1449 1880 1623 1914 tantum
1658 1865 1917 1912 reconditae
1938 1866 2150 1912 eruditio·

209 1938 281 1983 nis
305 1934 498 1981 iudaicae
518 1931 775 1981 thesaurum
816 1929 858 1961 ¹⁶
895 1930 1278 1997 tenebrispremi,
1314 1950 1395 1979 nec
1419 1934 1632 1997 quiquam
1658 1951 1711 1979 ex
1735 1949 1787 1980 eo
1812 1935 1858 1978 in
1881 1933 2025 1978 lucem
2040 1950 2148 1997 pro-

208 2000 358 2058 diiss‘e3
395 2017 541 2065 eoque
561 2004 700 2065 magis
720 1999 1073 2063 mirandumest,
1109 2002 1340 2047 neminem
1363 2001 1469 2047 huic
1483 2000 1735 2061 euulgando
1759 2001 2148 2048 manusadmouis-

206 2067 266 2125 se,
300 2087 441 2134 quum
457 2066 556 2134 ‘ipse
578 2068 827 2123 Daffouiu8‚
863 2066 970 2116 teste
995 2069 1130 2115 Erico
1153 2069 1364 2116 Benzelio
1396 2070 1444 2115 in
1472 2069 1630 2114 notitia
1650 2068 1864 2115 litteraria
1893 2085 1938 2134 p.
1959 2080 2032 2130 56.
2056 2086 2145 2116 ma-

188 2139 422 2202 turandae
444 2139 636 2186 editioni
656 2154 821 2185 certam
843 2138 1060 2202 pecuniae
1087 2134 1307 2191 summam
1338 2137 1567 2199 legauerit'.
1689 2139 1692 2141 ’

236 2200 238 2202 ’
334 2208 461 2254 VIII.
497 2206 772 2254 Succinffius
790 2208 840 2254 in
862 2208 1065 2252 tironum
1088 2202 1219 2251 vsum
1241 2206 1472 2269 complexi
1494 2203 1709 2268 pleraque
1738 2201 1840 2251 sunt
1874 2203 2142 2251 Germanica
2165 2199 2169 2204 ’
2194 2250 2206 2258 ,

201 2274 390 2341 quidem
409 2275 563 2337 lingua
581 2278 650 2324 M.
675 2274 986 2342 Christophorus
1006 2274 1166 2320 Semler
1178 2275 1225 2319 in
1257 2271 1594 2336 antiquitatibus
1625 2275 1667 2319 S.
1690 2275 1957 2336 Scripturae.
1998 2271 2142 2319 Halae

151 2386 153 2388 .
207 2354 353 2406 1708.
405 2357 478 2393 12.
520 2344 750 2407 etnPtoacllns
771 2342 1087 2409 Clqristophorus
1121 2342 1385 2407 Hoepsnerus
1415 2342 1462 2387 in
1495 2337 1822 2404 Hierosolyma
1841 2341 2032 2402 antiqua.
2073 2338 2140 2388 Ib.
2183 2380 2187 2383 Α

211 2423 354 2478 1715.
395 2427 468 2462 12.
506 2426 696 2478 Vterque
725 2409 838 2460 liber
870 2408 1064 2459 iunffim
1100 2406 1284 2458 excusus
1316 2407 1378 2458 est
1409 2409 1553 2457 Halae
1586 2420 1722 2470 1732.
1762 2417 1804 2466 8.
1839 2410 2009 2454 Ioannes
2030 2409 2139 2521 [abco-

1606 2490 1612 2494 ’
2091 2492 2138 2522 us

256 2555 282 2582 ⁶
313 2557 442 2600 Huius
455 2558 758 2613 specimean-ti
772 2573 809 2616 3.
833 2558 1083 2602 animaduers.
1102 2558 1292 2615 philolog.
1307 2556 1375 2599 ase
1388 2557 1478 2598 edit.
1501 2555 1641 2597 adiecit
1653 2557 1691 2596 S.
1702 2553 1752 2594 V.
1767 2553 1856 2593 LD.
1870 2553 2135 2597 XVincklems.

209 2641 213 2645 ‹
264 2618 301 2647 ¹5
329 2615 666 2656 Commentarium
687 2619 884 2659 R Salom.
899 2617 1026 2658 -Iarchi
1046 2618 1086 2656 in
1111 2627 1239 2656 totum
1249 2613 1557 2655 Pentateuchum
1573 2612 1691 2652 latine
1715 2623 1764 2649 ex
1787 2609 1957 2650 veffione
1976 2609 2041 2652 sua
2060 2610 2135 2652 edi-

201 2669 262 2715 dit
277 2672 350 2712 Vir
365 2670 619 2712 nobilisfimus
644 2674 698 2711 Io.
720 2673 1080 2726 Frid.·Breithaupt.
1110 2670 1260 2712 Gothae
1280 2682 1397 2724 1710.
1427 2682 1467 2723 4.

265 2725 302 2752 ¹⁶
333 2728 565 2768 Laurentius
584 2729 852 2774 Not-mannus,
883 2730 953 2768 Vir
970 2729 1167 2769 orientalis
1193 2727 1432 2781 philologiae
1450 2721 1709 2779 peritissimus,
1741 2720 1839 2761 tanti
1872 2719 1964 2760 fecit
2002 2719 2134 2762 Dasso-

202 2784 338 2826 uianas
365 2780 474 2823 hasce
495 2784 753 2836 antiquitates,
779 2795 819 2822 vt
839 2781 1053 2824 maximam
1070 2795 1220 2837 partem
1240 2782 1306 2822 sua
1323 2794 1444 2823 manu
1475 2777 1712 2823 destriberet‚
1744 2775 1853 2830 qued
1881 2774 2042 2831 quidem
2071 2788 2134 2817 ex-

203 2841 351 2896 emplar
365 2836 664 2894 inhbibliotheca
695 2838 1082 2911 publicansalienfi
1110 2838 1330 2881 afferuntur.
