2263 3027
556 24 651 77 DE
686 24 1070 78 FvNEmssvs
1112 24 1587 92 GRAECORVM:
1913 51 2041 101 ως

100 150 423 210 recentesvide
435 151 634 198 eiusdem
646 151 836 208 Schudtii
845 149 1153 208 memorabilia
1165 155 1209 202 P.
1222 156 1277 200 Π.
1291 152 1366 201 lib.
1384 157 1462 211 VI.
1486 171 1524 202 c.
1540 168 1616 218 37.
1650 157 1950 217 Monumenta
1973 177 2045 207 ano

101 222 225 284 tiqua
239 220 413 267 Iudaica
423 211 927 281 Augustae‘Vindelicor.
942 217 1118 284 reperta
1131 219 1362 268 illustrauit
1373 223 1586 271 Matthias
1597 224 1641 273 F
1637 225 1850 270 ridericus
1862 230 2048 284 Beckius,

99 286 320 350 Augustae
347 286 622 333 Vindelicor.
663 289 801 340 1686.
827 294 867 341 8.
905 303 1007 332 cum
1042 289 1290 352 appendice
1323 305 1728 338 monumentorum
1759 295 2044 355 quorundam

99 345 437 411 Romanorum,
469 354 610 401 veluti
638 350 837 399 mantifl'a
866 356 1017 418 operis
1037 353 1283 402 Velseriani
1322 358 1377 404 de
1407 360 1599 422 antiquis
1623 364 1930 408 monumentis
1953 369 2044 409 Au-

99 420 306 484 gustanis.
373 426 443 470 De
465 420 693 482 Persizrum
715 417 949 467 funeribus
972 420 1157 469 Briss'on.
1185 426 1243 470 II.
1266 441 1311 488 p.
1335 439 1443 488 350.
1466 424 1527 490 sq.
1548 442 1592 473 et
1612 429 1644 472 Ι.
1665 443 1710 490 p.
1742 443 1848 489 194.
1870 426 1932 492 sq.
1963 430 2043 477 vbi

100 490 156 536 de
176 487 410 537 funeribus
430 493 616 551 Regum.
682 490 750 534 De
772 489 1021 536 eorundem
1046 487 1277 537 Persarum
1305 508 1347 538 et
1369 493 1559 539 aliorum
1583 493 1862 559 populorum
1895 499 2042 544 orien—

97 557 253 604 talium
279 575 430 612 more5
455 571 602 620 quoa
633 554 874 603 canibuset
899 556 1055 603 auibus
1073 554 1117 603 se
1141 556 1242 622 post
1271 575 1466 618 mortem
1501 563 1652 608 vorari
1677 560 1873 620 malunt,
1907 558 2043 627 quam*

98 638 216 671 terra
240 622 420 690 sepeliri
439 625 676 685 Anonymi
701 621 941 671 dissertatio
959 621 1121 672 inserta
1147 625 1311 687 legitur
1340 641 1466 674 tomo
1489 631 1587 676 XII.
1627 626 1836 677 historiae
1864 633 2040 680 criticae

96 693 306 757 Reipubl.
330 693 565 740 litterariae
585 708 628 754 p.
646 689 859 755 248.sqq.

241 763 320 806 111.
358 763 427 806 De
448 755 683 804 funeribus
702 774 744 805 et
763 759 884 805 luftu
901 762 1180 806 Graecorum
1202 759 1321 814 vide,
1349 778 1458 825 quae
1482 777 1629 810 notata
1648 761 1749 811 sunt
1768 766 1878 812 viris
1899 763 2041 813 doffls

96 825 152 873 ad
174 828 373 874 Homeri
391 826 553 873 Iliados
574 824 645 889 ψ,
680 841 722 872 et
744 824 1018 887 Aeschylum
1053 828 1099 871 in
1122 828 1411 892 Cho’e'phoris
1432 828 1636 893 (inferias
1667 829 1929 880 facientibus
1952 833 2040 881 fiue

94 890 478 954 ferentibus)·tum
504 897 649 941 Ioanni
671 894 833 939 Nicolai
850 892 966 939 libro
993 893 1048 939 de
1068 896 1346 941 Graecorum
1373 895 1493 942 luftu
1520 897 1860 963 lugentiumque
1882 900 2040 947 ritibus

93 964 254 1015 variis,
290 959 448 1008 excuso
472 963 709 1026 Marpurgi
730 964 963 1006 Cattorum
991 967 1129 1016 1696.
1151 977 1220 1009 12.
1266 965 1376 1010 Ioan.
1397 966 1574 1009 Pottero
1593 967 1828 1013 Archaeol.
1853 971 1929 1015 IV.
1953 977 2041 1023 1-8.

94 1030 152 1074 Io.
176 1031 339 1075 Nar-dio
370 1031 418 1075 in
447 1027 829 1075 animaduersione
867 1028 921 1074 de
951 1025 1186 1075 funeribus
1205 1029 1571 1095 Atheniensium,
1609 1030 1800 1080 subieffm
1828 1038 2040 1082 Lucretio

57 1125 66 1134 ·
95 1095 307 1142 editionis
330 1098 377 1142 in
400 1093 528 1142 vsum
549 1096 770 1158 Delphini
787 1111 830 1143 et
849 1099 947 1142 Car.
970 1098 1109 1143 Henr.
1131 1098 1288 1161 Langio
1310 1098 1364 1144 de
1386 1096 1509 1144 luau
1531 1103 1813 1147 Graecorum
1845 1120 1899 1148 ex
1918 1105 2044 1149 Euri-

93 1161 226 1227 pide,
264 1160 437 1209 observ.
458 1161 560 1209 sacr.
583 1160 784 1210 dissertat.
808 1164 974 1226 quinta.
1027 1166 1236 1228 Paganini
1256 1167 1483 1210 Gaudentii
1509 1169 1765 1214 exercitatio
1798 1168 1853 1216 de
1882 1167 2044 1231 funere

95 1233 333 1287 Heroum,
368 1231 415 1275 in
444 1246 528 1292 qua
549 1232 768 1284 Homeri,
804 1230 1009 1292 Virgilii,
1045 1231 1190 1283 Statii,
1229 1232 1325 1277 Silii
1357 1247 1399 1279 et
1419 1235 1582 1279 Nonni
1614 1237 1951 1284 exercitationes
1975 1239 2043 1284 in-

94 1310 163 1342 ter
183 1294 226 1343 se
253 1294 563 1351 conferuntur,
587 1295 721 1343 exstat
741 1298 793 1344 ad
816 1298 977 1360 calcem
999 1299 1092 1344 eius
1117 1295 1320 1346 differtat.
1344 1299 1399 1346 de
1424 1302 1590 1347 arcanis
1611 1303 1792 1366 imperii
1813 1305 2044 1366 euulgatis,

93 1363 349 1410 Florentiae
373 1372 512 1423 1640.
530 1380 575 1420 4.
614 1364 907 1411 Decursiones
930 1367 1178 1411 meminere
1207 1367 1254 1411 in
1277 1364 1438 1413 funere
1459 1369 1610 1415 herois
1632 1371 1852 1431 Virgilius
1882 1387 1924 1418 et
1948 1376 2040 1420 Sta·

94 1432 206 1485 tius,
245 1432 504 1492 neutiquam
534 1447 646 1477 vero
671 1435 903 1478 Homerus
933 1448 1005 1478 aut
1027 1436 1240 1479 Nonnus.
1309 1435 1436 1481 Illam
1468 1452 1490 1481 a
1510 1438 1671 1483 Poenis
1692 1436 1776 1485 effe
1809 1440 2040 1487 inuentam

95 1491 337 1563 suspicatur
361 1498 638 1545 Gaudentius
663 1516 753 1564 cap.
781 1515 854 1549 20.
876 1516 918 1564 p.
942 1514 1046 1550 100.
1095 1503 1165 1545 De
1183 1499 1465 1548 concuffione
1486 1520 1713 1551 armorum
1738 1507 1784 1551 in
1805 1503 2042 1556 funeribus

95 1569 277 1613 Ducum
299 1580 342 1611 et
362 1567 622 1629 Principum
643 1568 847 1613 Barthius
868 1568 920 1613 ad
942 1569 1128 1614 Statium
1148 1584 1243 1631 pag.
1259 1584 1373 1631 430.
1411 1572 1480 1615 De
1503 1587 1631 1618 more
1650 1573 1703 1618 ad
1724 1575 1946 1621 orientem
1967 1575 2042 1622 vel

98 1630 302 1680 occasum
325 1630 538 1679 obuersos
562 1650 767 1680 mortuos
798 1632 1043 1697 sepeliendi
1063 1635 1281 1682 Plutarch.
1315 1636 1480 1684 Solone
1499 1655 1597 1702 pag.
1623 1646 1697 1699 83.
1767 1644 1840 1687 De'
1857 1639 2042 1690 funebri

94 1717 265 1765 pompa
295 1697 421 1746 Ifiaca
456 1699 507 1747 ab
550 1702 745 1764 Apuleio
775 1699 1067 1766 descriptaet
1100 1702 1195 1748 aliis
1223 1701 1383 1751 funera
1413 1708 1496 1770 Aeg
1495 1712 1722 1772 ypt·iorum
1744 1705 2040 1772 speE'cantibus

96 1769 203 1832 yide
224 1768 430 1813 Kircheri
452 1766 708 1815 Obeliscum
734 1786 830 1834 pag.
851 1784 964 1832 433.
987 1784 1029 1816 et
1058 1784 1167 1816 tom.
1196 1785 1236 1831 3.
1262 1772 1430 1836 Oedipi
1450 1776 1717 1838 Aegyptiaci
1736 1792 1834 1839 pag.
1850 1793 1960 1836 425.
1978 1775 2041 1842 sq.

97 1838 220 1881 Ioan.
242 1835 503 1881 Conradum
523 1838 799 1883 Dietericum
821 1839 869 1883 in
895 1836 1246 1900 Antiquitatibus
1267 1838 1445 1885 Biblicis
1469 1844 1567 1888 Vet.
1590 1841 1914 1908 Testament.p.
1934 1860 2041 1908 144.

99 1901 161 1966 sq.
195 1905 265 1947 De
282 1904 678 1966 Septentrionalium
697 1905 977 1968 populorum
999 1901 1244 1969 sepeliendi
1266 1906 1425 1952 ritibus
1448 1909 1692 1956 Iornandes
1715 1909 1794 1956 vbi
1815 1907 1951 1958 funus
1965 1921 2040 1960 At-

98 1971 201 2017 tilae
220 1964 448 2021 describit,
481 1985 523 2016 et
546 1971 812 2035 Stephanius
833 1988 932 2035 pag.
956 1986 1029 2029 90.
1054 1969 1115 2034 sq.
1148 1972 1200 2018 ad
1233 1976 1452 2020 Saxonem
1485 1978 1771 2024 Grammatic.
1795 1980 2040 2027 Bartholin.

99 2038 257 2100 Antiq.
275 2035 432 2080 Danic.
453 2051 496 2098 p.
516 2054 534 2082 1
549 2051 629 2093 12.
642 2051 752 2096 273.
788 2038 927 2085 Andr.
943 2038 1079 2085 Olaus
1100 2040 1346 2102 Rhyzelius
1367 2041 1422 2088 de
1441 2039 1663 2105 sepultura
1681 2058 1885 2090 veterum
1906 2049 2041 2092 Sueo·

99 2105 369 2168 gothorum,
390 2099 539 2165 Vpsal.
571 2110 762 2164 1707.8.
829 2103 1063 2152 Christian.
1087 2108 1366 2154 Nettelbladt
1392 2110 1437 2153 in
1461 2106 1664 2155 dissertat.
1690 2110 1744 2157 de
1763 2114 1898 2158 variis
1922 2130 2042 2161 mor·

102 2189 204 2220 tuos
225 2169 469 2234 sepeliendi
487 2169 632 2216 modis
655 2171 771 2235 apud
783 2173 985 2231 Suiones,
1007 2171 1215 2219 Rostoch.
1246 2187 1382 2234 1724.
1419 2177 1488 2220 De
1510 2190 1714 2223 veterum
1728 2182 2042 2228 Britannorum

102 2237 326 2305 sepultura
346 2251 388 2283 et
411 2237 610 2299 exequiis
635 2234 806 2303 funeris
835 2240 940 2285 vide
969 2240 1263 2303 appendicem
1295 2240 1348 2286 ad
1370 2241 1612 2289 Alexandri
1634 2245 1847 2291 Gordoni
1865 2248 2041 2295 itinera·

101 2309 222 2354 rium
242 2303 602 2369 septentrionale.
655 2307 725 2351 De
746 2310 968 2357 Germanis
989 2307 1206 2353 Cluuerus
1234 2306 1310 2353 lib.
1338 2323 1378 2356 1.
1410 2325 1502 2372 cap.
1527 2325 1600 2370 53.
1651 2312 2042 2377 Hachenbergffls,

102 2373 369 2438 Keyslerus,
407 2375 531 2419 Ioan.
555 2368 750 2420 Godofr.
771 2378 961 2421 Bauerus
989 2375 1036 2421 in
1054 2377 1209 2436 Progr.
1242 2375 1296 2421 de
1327 2375 1532 2423 moribus
1557 2392 1760 2426 veterum
1785 2383 2041 2430 Germano-

103 2458 206 2488 rum
227 2442 341 2487 circa
359 2435 540 2497 funera,
576 2438 699 2502 quod
719 2437 966 2489 subiess’tum
995 2440 1055 2488 est
1073 2443 1178 2488 Eius
1208 2443 1402 2488 orationi
1423 2445 1639 2508 parentali
1659 2449 1756 2494 Car.
1776 2451 1936 2496 Ottoni
1957 2454 2042 2498 Re·

105 2507 381 2569 chenbergio
403 2505 531 2565 dista,
550 2505 722 2571 Lipsiae
748 2522 836 2568 175
852 2524 944 2572 [4.
992 2512 1063 2556 De
1080 2506 1316 2557 funeribus
1341 2513 1584 2560 Turcarum
1602 2514 1767 2577 Angeli
1785 2518 2040 2584 Geropoldi

104 2573 302 2641 Epistola
319 2576 368 2623 in
386 2571 548 2624 Museo
566 2577 803 2624 Mineruae
820 2579 1018 2626 Venetae
1037 2592 1147 2625 tom.
1163 2592 1201 2627 1.
1219 2594 1263 2642 p.
1281 2575 1460 2643 151.sq.

1084 2709 1213 2760 Ddd
1250 2722 1282 2764 2
1413 2738 1418 2742 ·
1583 2745 1592 2753 ’
1860 2723 1941 2770 IV.
1972 2724 2044 2774 De
