2263 3027
202 105 300 152 512
502 86 652 141 CAP.
686 85 772 139 XI=
835 41 1084 142 PRizCEs
1149 85 1835 141 MVHAMEDANORVM.

206 212 283 276 lib.
310 227 350 277 ς’.
373 229 466 279 cap.
490 220 567 269 26,
595 224 673 272 27,
696 219 774 267 28.
821 212 1072 260 wilhelmum
1109 214 1343 262 Wottonum
1365 214 1412 261 in
1432 212 1548 261 libro
1571 213 1744 276 anglice
1762 213 1907 262 edito:
1938 212 2146 278 Mffl‘ellae

203 298 331 329 neom
350 280 588 344 Dnfiourfl‘s
609 281 794 344 relating
813 293 856 326 to
876 281 944 327 the
971 283 1216 332 Traditions
1249 284 1333 328 and
1357 282 1509 348 Usc'zges
1529 283 1579 345 of
1601 282 1671 329 the
1696 281 1864 331 Scribes
1890 283 1977 331 and
1993 284 2146 332 Phari-

191 351 283 412 [σω
304 354 348 396 in
366 365 448 395 our
466 346 606 411 bleffed
629 349 817 396 Saviour
837 348 944 410 Iqlits
967 344 1135 413 Christ's
1156 355 1270 398 time.
1292 351 1493 398 Londini
1523 360 1666 410 1718,
1691 359 1732 407 8.
1770 349 1965 398 Ioannem
1984 353 2148 417 Spem-e-

199 432 302 463 rum
322 418 370 463 in
389 413 690 463 dissertatione
711 416 774 463 de.
794 431 950 462 natura
972 433 1015 464 et
1037 419 1213 479 origine
1232 415 1643 482 phylasseriorum,
1676 415 1838 464 inserta
1867 434 2011 481 nouae
2041 417 2149 474 libri

199 484 403 533 eiusdem
426 484 481 531 de
506 479 681 545 legibus
705 482 1019 532 Hebraeorum
1040 484 1271 532 ritualibus
1298 485 1488 531 editioni
1516 502 1559 549 p.
1581 499 1692 533 1201
1721 482 1819 549 sqq.
1851 499 1895 534 et
1924 501 2039 549 quos
2059 485 2148 533 lau·

204 553 279 599 dat
302 551 633 600 Celeberrimus
655 554 718 598 Io.
742 550 932 598 Christo.
954 550 1144 600 Wolfius
1172 554 1219 598 in
1242 554 1370 598 Curis
1401 552 1872 616 philologico-criticis
1897 552 1952 607 ad
1981 554 2146 601 Matth.

205 623 370 674 XXIII,
397 635 439 682 ς.
463 618 625 684 quibus
648 619 760 666 adde
782 615 1101 667 dissertationes
1123 618 1361 682 fingulares
1384 621 1438 666 de
1460 621 1547 666 hoc
1572 635 1839 682 argumento
1863 619 2014 668 Eberh.
2034 623 2147 668 Rud.

207 687 371 736 Rothii.
392 691 522 735 lenae
552 691 691 747 1674.
714 686 839 735 binas
864 687 1003 736 Mich.
1021 691 1175 734 Beckii.
1195 687 1444 749 ibid.1674
1464 703 1506 733 et
1525 691 1584 735 16
1593 703 1663 746 75.
1687 691 1802 736 Ioan.
1815 689 1946 734 Andr.
1968 692 2146 737 Danzii.

209 754 381 801 ibidem
412 759 500 810 168
513 772 550 802 2.
572 755 741 818 Gustaui
758 759 993 820 Peringeri.
1024 752 1171 818 Vpsal.
1203 765 1339 812 1690.
1377 757 1409 802 I.
1437 753 1483 802 C.
1507 754 1708 821 Goropii,
1741 754 1913 820 Lipsiae
1933 764 2066 815 1708.
2102 769 2147 803 et

207 824 373 870 Nicolai
409 821 608 887 Liungby.
638 820 833 870 Hafniae
859 838 996 882 1705.
1033 825 1244 869 Ceterum
1277 821 1553 886 phylafiieria
1587 825 1716 869 omni
1747 824 1954 870 mandato
1987 823 2146 870 diuino

210 888 427 943 destituta,
445 905 489 937 et
510 904 719 956 tempore
743 891 928 937 demum
949 889 1317 937 Maccahaeorum
1341 906 1437 936 orta
1456 888 1540 936 esse
1561 887 1705 936 censet
1725 895 1874 938 Anton.
1888 892 1960 936 Iul.
1975 909 2059 938 van
2069 893 2147 937 der

211 960 363 1006 Hardt
381 960 428 1004 in
447 961 781 1019 Progtamrnate
803 959 858 1005 de
879 960 1185 1022 praecipuisin
1199 959 1458 1021 antiquitate
1473 953 1908 1011 iu'daicamomentis>
1930 960 2147 1018 etei-dine

208 1021 550 1090 disciplinarum
578 1042 633 1071 eo
663 1028 1003 1090 pertinentium.
1035 1025 1302 1071 Helmstadii
1343 1040 1479 1087 ¹744·
1521 1029 1588 1085 De
1618 1025 1776 1072 ritibus
1812 1026 2021 1087 Mcficfice,
2056 1025 2146 1073 siue

207 1089 368 1141 scheda
391 1092 726 1139 membranacea
747 1092 947 1157 postibus
971 1090 1204 1152 affigenda,
1228 1093 1272 1137 in
1301 1088 1384 1154 qua
1397 1092 1531 1138 verba
1552 1094 1652 1138 audi
1663 1093 1802 1154 Isi-ael,
1828 1094 2007 1140 Iehonah
2023 1094 2146 1144 Deus

207 1161 344 1223 noster
365 1160 541 1208 lehouah
560 1176 664 1208 vnus
686 1162 764 1225 est:
788 1157 967 1208 consule
993 1160 1201 1209 Theodori
1212 1159 1403 1226 Daſjouii
1425 1157 1773 1208 dissertationem
1802 1160 1985 1211 Witteb.
2007 1170 2145 1222 1674.

210 1228 478 1290 euulgatam.

344 1299 413 1342 De
435 1312 490 1343 eo
510 1296 633 1360 quod
656 1294 805 1343 Iudaei
823 1298 941 1357 inter
961 1296 1239 1362 precandum
1257 1293 1301 1344 se
1330 1297 1383 1344 ad
1417 1297 1637 1361 templum
1673 1294 2146 1358 Hierosolymitanum

212 1363 431 1428 2Paralip.
447 1368 527 1419 VI,
542 1379 564 1424 3
577 1373 617 1414 8.
643 1379 686 1410 et
708 1366 756 1411 in
775 1365 863 1412 hoc
887 1366 940 1411 ad
952 1363 1262 1412 §anetum-ium
1280 1366 1481 1428 adeoque
1493 1361 1644 1411 versus
1663 1365 1942 1410 occidentem
1957 1380 2148 1409 conuer-

208 1444 356 1479 terent
379 1432 529 1495 (quod
550 1428 711 1478 diserte
735 1432 972 1496 prohibuit
998 1433 1366 1486 Mahommcdes,
1398 1431 1503 1480 teste
1524 1431 1855 1496 Abulpharaio>
1883 1447 2059 1496 praeter
2082 1433 2148 1477 in-

207 1512 426 1564 terpretes
452 1499 507 1546 ad
528 1500 614 1545 iam
637 1498 806 1546 dietum
829 1501 980 1548 locum
999 1500 1199 1547 Danielis
1223 1516 1264 1547 et
1283 1501 1336 1547 ad
1358 1502 1520 1547 Ezech.
1541 1504 1666 1555 VIII,
1695 1514 1768 1559 15.
1794 1499 2014 1546 videndus
2035 1500 2146 1545 Ioan.

206 1568 401 1615 Seldenus
424 1566 503 1616 l'ib.
530 1581 570 1626 3.
604 1566 660 1614 de
681 1569 914 1631 Synedriis
935 1585 980 1632 p.
997 1585 1110 1629 427.
1142 1584 1184 1615 et
1213 1568 1457 1635 Theophilus
1475 1569 1653 1615 Antelius
1682 1571 1740 1613 T.
1766 1581 1807 1616 2,
1838 1567 1891 1614 ad
1922 1567 2018 1613 loca
2031 1570 2147 1612 V.T.
2211 1628 2215 1634 Ι

205 1650 253 1700 p.
273 1631 486 1698 775.sqq.
517 1637 648 1682 Extat
667 1650 711 1682 et
729 1636 845 1684 Ioan.
873 1636 1122 1699 Ehrensridi
1155 1636 1348 1700 Pseifferi
1374 1639 1395 1698 (
1411 1633 1594 1698 Augusti
1623 1633 1742 1695 filii)
1773 1633 2148 1695 dissertatiuncula

207 1702 264 1748 de
285 1701 502 1763 dignitate
522 1696 806 1752 occidentalis
831 1703 985 1769 plagae
1004 1706 1049 1749 in
1072 1720 1120 1749 re
1138 1701 1253 1749 sacra
1282 1703 1614 1754 Hebraeorum.
1650 1702 1831 1747 Witteb.
1872 1708 2006 1760 1697.
2074 1703 2145 1746 De

205 1769 509 1833 Therapeutis
541 1787 653 1817 vero
681 1788 795 1834 quos
823 1772 956 1830 Philo
983 1768 1138 1818 versus
1169 1768 1392 1816 orientem
1419 1766 1556 1816 orasse
1585 1765 1788 1823 testatur,
1823 1781 1866 1814 et
1898 1783 2010 1830 quos
2039 1766 2145 1813 inde

207 1834 484 1882 Christianos
503 1834 629 1884 fuisse
653 1839 826 1900 colligit
837 1836 1000 1886 Clariis.
1025 1834 1381 1899 Montfauconus
1404 1837 1449 1881 in
1475 1836 1592 1881 notis
1614 1834 1667 1880 ad
1688 1834 1904 1881 Gallicam
1927 1832 2145 1880 libriPhi-

207 1902 327 1948 lonis
348 1901 599 1950 versionem
626 1922 723 1968 pag.
755 1916 838 1965 198
864 1905 926 1969 sq.
948 1921 989 1952 et
1015 1907 1059 1951 in
1084 1901 1292 1968 Epistolis
1315 1902 1486 1951 Gallice
1508 1903 1637 1952 editis
1660 1898 1785 1948 Paris.
1817 1915 1956 1962 1712,
1986 1917 2054 1949 12.
2088 1900 2144 1948 de

205 1970 510 2035 Therapeutis
529 1971 732 2017 Philonis
758 1990 801 2036 p.
828 1987 918 2029 231
944 1971 1004 2035 sq,
1031 1971 1138 2017 vide
1162 1986 1273 2034 quae
1295 1968 1498 2017 obseruat
1517 1972 1589 2015 vir
1608 1967 1764 2015 donus
1784 1969 1831 2015 in
1855 1966 2144 2033 responsione

206 2034 263 2085 ad
284 2035 665 2084 Montfauconum
690 2055 733 2101 p.
754 2054 768 2084 1
786 2055 844 2098 17
859 2037 944 2101 seq.
971 2053 1059 2097 375
1079 2035 1171 2100 seq.·
1203 2041 1332 2084 Certe
1355 2035 1568 2102 Iosephus
1590 2053 1770 2099 quoque
1782 2039 1839 2090 ΙΙ,
1874 2036 2009 2085 12.de
2021 2034 2142 2083 bello

204 2104 387 2152 Iudaico
408 2102 565 2152 augtor
589 2103 650 2151 est
670 2102 843 2151 Essaeos
874 2106 1093 2173 πατρίους
1123 2103 1249 2157 *civois
1270 2104 1328 2157 εἷς
1352 2101 1465 2165 ἥλιον
1484 2102 1634 2170 ἐυχοὶς
1655 2099 1962 2171 φθέγξασθαι
1984 2101 2141 2170 ὥσπερ

204 2174 488 2224 ἱκετέυοντοις
516 2171 775 2223 olvat-evim.

338 2244 409 2287 De
430 2239 639 2305 precibus
661 2240 1167 2295 Mohatnmedanorum,
1189 2258 1295 2305 quas
1318 2243 1554 2306 quinquies
1568 2241 1771 2306 quotidie
1782 2236 1964 2292 faciunt,
1986 2238 2138 2285 viden-

206 2306 255 2359 di
276 2304 376 2354 sunt
397 2306 594 2371 Abulfeda
614 2325 711 2372 pag.
728 2315 785 2369 38
811 2305 896 2371 seq.
921 2311 1038 2355 vitae
1056 2309 1355 2356 Mahomedis.
1377 2313 1491 2359 Ioan.
1517 2313 1666 2358 Franc.
1691 2308 1891 2355 Gemellus
1904 2307 2143 2354 Carrcrius

205 2377 430 2424 itinerarii·
448 2378 506 2421 T.
524 2390 540 2422 ι
553 2411 561 2422 .
574 2392 617 2440 p.
632 2389 690 2434 23
704 2392 724 2434 3
738 2373 826 2439 seq.
867 2377 1154 2441 Hortingerus
1173 2380 1328 2424 Tomo
1351 2374 1543 2442 septimo
1557 2376 1670 2425 Hist.
1688 2371 1848 2423 Eccles.
1860 2372 1947 2421 siue
1959 2389 2081 2437 parte
2098 2390 2139 2435 3.
2226 2406 2241 2415 κ

204 2439 309 2490 saec.
334 2447 403 2491 16.
420 2459 516 2506 pag.
531 2458 693 2503 470-5
708 2459 780 2500 19.
798 2441 997 2489 -Albcrtus
1018 2443 1226 2490 Bobouim
1243 2442 1330 2492 siue
1353 2444 1576 2507 Bobovslty,
1599 2445 1809 2499 Polonus‚
1829 2443 1945 2487 i'nter
1966 2445 2140 2488 Turcas

206 2508 350 2555 distus
374 2510 621 2576 Ali-Bezgh,
651 2511 697 2556 in
728 2511 907 2571 liturgia
926 2511 1119 2557 Turcica
1139 2510 1266 2576 (post
1294 2515 1574 2559 itinerarium
1594 2516 1645 2562 R.
1668 2509 1861 2558 Peritzol
1893 2507 1945 2554 ab
1968 2505 2137 2562 Clariss,

203 2575 379 2636 Hydeo
404 2594 505 2624 cum
527 2579 645 2624 notis
676 2576 816 2637 edita)
836 2575 914 2624 sub
936 2579 1130 2625 initium.
1167 2580 1286 2634 Ioan,
1303 2582 1498 2632 Seldenus
1518 2581 1572 2628 ad
1593 2581 1790 2640 origines
1811 2577 2141 2639 Eutychii'Ale-

208 2641 458 2688 xandrinas.
480 2644 716 2691 Chardinus
735 2650 872 2692 To-m.
886 2661 930 2707 7,
952 2648 1169 2709 itinerarii
1187 2665 1286 2714 pag.
1311 2663 1404 2711 245
1421 2677 1455 2684 —
1470 2664 1576 2708 329.
1596 2661 1640 2694 et
1659 2647 1908 2692 Hadrianus
1927 2645 2133 2691 Relandus

209 2725 310 2776 Pssg·
335 2715 396 2766 86
416 2706 480 2774 sq.
502 2711 608 2765 edit·
627 2709 842 2770 secundae
860 2714 915 2767 de
932 2714 1155 2781 religione
1173 2716 1565 2775 Monam-medica,
1593 2713 1675 2764 vbi
1701 2716 1833 2764 etiam
1864 2712 2134 2789 exhibentur

1972 2794 2136 2832 leone&
