2263 3027
148 89 275 140 1024
392 43 746 124 CARXXm.
818 66 911 119 DE
946 63 1327 119 FVNEmssvs
1363 35 1855 126 Romu-oiim.

282 199 360 248 IV.
395 200 465 245 De
485 194 721 245 funeribus
761 211 805 244 et
833 193 956 245 luRu
985 198 1273 244 Romanorum
1306 189 1416 261 ''p‘rae
1441 196 1602 243 ceteris
1629 175 1874 260 diligenter
1892 194 1947 245 ‘et
1975 214 2096 248 accu-

143 280 237 315 rate
257 265 386 314 libris
407 269 484 312 IV.
504 267 592 327 agit
605 268 773 312 Ioannes
782 266 1106 319 Kirchmannus‚
1121 262 1381 325 Hamburgi
1400 281 1414 310 1
1428 271 1538 326 605.
1553 280 1596 323 4.
1610 279 1653 311 et
1673 264 1878 314 Lubecae
1898 274 2038 323 1625.
2055 273 2101 323 8.

140 350 193 381 vt
214 335 315 382 alias
337 333 556 380 editiones
581 336 800 380 omittam.
836 335 922 380 Cui
943 331 1172 379 addendus
1191 329 1252 379 est
1275 333 1486 379 Henricus
1506 334 1636 378 Noris
1657 333 1705 379 in
1717 335 2011 399 Cenotaphiis
2028 335 2100 380 Pi-

140 400 278 456 sanis,
320 398 622 448 differt-atione
655 403 795 448 tertia.
865 405 1107 467 Paganinus
1137 401 1394 446 Gaudentius
1423 400 1470 446 in
1502 401 1821 448 exercitatione
1855 403 1910 449 de
1942 398 2103 450 funere

141 467 375 516 Caesarum
392 502 401 521 ‚
419 470 662 516 Florentiis
690 476 830 529 1640.
849 483 896 528 4.
945 467 1189 528 Faeqanmstm
1209 471 1386 514 Bencius
1413 469 1459 513 in
1487 470 1690 515 oratione
1717 469 1772 515 de
1800 466 1963 516 funere
1995 471 2105 516 anti-

139 553 337 602 quorum
350 540 678 591 Romanorum,
703 553 803 601 pag.
819 551 929 597 405.
949 532 1041 599 sqq.
1067 534 1270 582 eiusdem
1292 535 1561 581 orationum.
1639 535 1878 583 Theodorus
1893 537 2103 592 Gorallus,

139 604 231 653 fiue
253 606 330 669 qui
352 601 429 650 sub
455 606 543 652 hoc
565 606 751 651 nomine
772 604 874 650 latet
896 605 1008 650 Ioan.
1030 604 1214 649 Clericus
1238 604 1285 649 in
1305 603 1424 649 notis
1442 602 1498 650 ad
1520 603 1719 664 Elegiam
1748 619 1786 651 1.
1807 604 1999 651 Pedonis
2026 604 2102 653 Al-

138 672 381 728 binouani,
415 674 612 719 Claudius
641 676 907 736 Dausqueius
936 670 990 718 ad
1014 671 1174 717 Silium
1205 670 1409 717 Italicum
1441 669 1582 717 Libro
1606 673 1727 719 XIII.
1757 669 1888 719 versu
1909 685 2017 732 470.
2040 669 2103 736 sq.

138 738 310 788 Iacobus
330 740 562 788 Gutherim
583 741 637 788 de
661 742 757 787 iure
782 742 990 786 Manium
1015 737 1143 785 libris
1168 753 1208 799 3.
1231 738 1393 802 quibus
1413 740 1544 802 ritus,
1577 754 1727 786 mores
1755 755 1796 786 et
1827 740 1948 802 leges
1971 736 2104 805 prisci

138 805 314 856 funeris
340 809 643 873 explicantur,
682 805 809 855 Paris.
844 809 980 867 1615.
1004 803 1123 871 Lips.
1143 809 1285 867 1671.
1315 814 1356 862 8.
1392 822 1434 853 et
1467 822 1593 853 torno
1617 809 1714 852 XII.
1735 805 1955 854 Thesauri
1980 809 2104 854 Anti·

138 877 361 941 quitatum
392 879 719 930 Romanarum,
749 877 797 922 in
828 892 918 939 quo
948 890 1174 938 praeterea
1208 874 1403 922 occurrit
1431 877 1495 922 lo,
1536 876 1653 920 Petri
1673 875 1857 921 Bellorii
1892 880 1912 904 2
1948 873 2106 921 descri-

137 947 238 1009 ptio
259 941 452 1009 sepulcri
473 943 804 998 Nasoniorurn‚
840 960 863 989 a
883 947 1014 990 Petro
1036 940 1195 988 Sansto
1218 941 1396 987 Bartolo
1422 942 1470 987 in
1494 958 1564 987 aes
1594 941 1729 988 incisi.
1779 940 1951 988 Ezbiani
1978 945 2101 988 Toera

136 1017 237 1059 neri
264 1010 504 1058 dissertatio
538 1012 592 1059 de
622 1008 847 1076 sepultura
881 1013 1193 1056 Romanorum
1214 1041 1225 1061 ,
1259 1005 1408 1071 Vpsal.
1446 1017 1584 1065 1728.
1609 1019 1650 1063 8.
1681 1025 1724 1055 ct
1757 1009 1873 1055 liber
1895 1010 2098 1070 gallicus:

138 1081 405 1146 Explication
422 1081 470 1125 de
493 1083 636 1126 divers
658 1082 928 1134 Mommzens,
962 1083 1038 1140 qui
1062 1090 1131 1123 ont
1152 1088 1335 1143 rapport
1357 1078 1381 1120 ιὶ
1406 1075 1444 1119 la
1455 1076 1646 1139 Religion
1665 1078 1732 1121 des
1751 1082 1914 1122 anticus
1927 1078 2112 1143 periples,

136 1163 238 1212 pag.
268 1163 306 1194 1.
330 1144 422 1210 sqq.
478 1148 612 1193 Varia
641 1149 773 1194 etiam
795 1145 925 1192 habet
949 1144 1109 1192 Christ.
1132 1148 1274 1190 Henr.
1294 1144 1510 1188 Trotzius
1531 1141 1649 1188 libro
1678 1144 1732 1189 de
1755 1147 1975 1190 memoria
1999 1161 2104 1208 pto-

137 1230 293 1278 pagata
313 1222 466 1278 cap.6,
483 1229 525 1276 7,
545 1221 585 1269 8.
658 1217 869 1269 Ceterum
900 1209 1274 1275 vtrssantiquisiimi-
1300 1213 1578 1257 Graecorum
1621 1225 1776 1256 contra
1803 1209 2104 1275 posteriorem

138 1284 286 1344 gentis
315 1279 415 1328 suae
446 1299 622 1328 rnorem
655 1283 863 1328 cadauera
886 1297 1175 1329 mortuorum
1198 1278 1412 1331 flammiS,
1444 1282 1654 1325 Homero
1680 1275 1810 1332 teste,
1856 1275 2103 1343 absumpse-

137 1365 268 1403 runt,
304 1347 361 1396 fic
382 1365 537 1396 contra
558 1351 750 1396 Romani
771 1346 1046 1396 vetustissimi
1067 1365 1257 1413 corpora
1280 1344 1441 1393 intaPta
1473 1345 1665 1393 flammis
1694 1362 1837 1393 terrae
1861 1346 2103 1393 mandaue-

137 1432 265 1470 runt,
303 1418 588 1480 eundemque
618 1434 794 1464 morem
824 1435 846 1463 a
878 1416 1147 1481 quibusdam
1180 1417 1314 1462 etiam
1340 1412 1441 1479 post
1470 1412 1691 1461 seruatum
1717 1428 1842 1461 notat
1870 1417 1925 1461 Ο.
1949 1417 2106 1460 Ferra-

137 1487 231 1533 rius
254 1487 400 1536 II.2-1.
425 1484 699 1539 deciorum,
737 1485 818 1531 vbi
839 1485 893 1531 de
928 1501 981 1531 eo
1000 1518 1011 1538 ‚
1045 1500 1134 1548 quo
1159 1481 1291 1549 pagio
1327 1497 1626 1530 crematorum
1660 1483 1832 1530 cineres
1862 1483 1910 1529 in
1943 1498 2108 1529 vrnam

138 1553 276 1601 condi
297 1568 340 1600 et
368 1571 389 1600 a
414 1549 567 1600 fauilla
598 1555 700 1615 rogi
721 1551 911 1618 separari
932 1553 1180 1616 potuerint.
1254 1551 1393 1614 Qod
1414 1551 1539 1597 lintei
1564 1548 1719 1597 asbesti
1739 1566 1829 1615 ope
1846 1586 1858 1606 ‚
1895 1566 1985 1614 quo
2011 1566 2110 1596 cor-

136 1637 223 1685 pus
246 1620 505 1668 inuolutum
526 1637 617 1668 erat
637 1655 648 1675 ,
685 1619 785 1668 fieri
811 1637 943 1685 quam
971 1621 1144 1684 optime
1177 1620 1339 1683 potuit.
1412 1615 1582 1664 Confer
1611 1621 1731 1665 Ioan.
1765 1619 1991 1683 Ciampini
2021 1613 2111 1663 dis-

137 1685 428 1736 sertationem
450 1687 736 1753 epistolarem
760 1689 816 1736 de
835 1686 1190 1735 incombustibili
1219 1686 1339 1740 Iino,
1375 1683 1464 1733 fiue
1486 1686 1631 1751 lapide
1663 1685 1891 1733 amiantho
1923 1687 2109 1748 eiusque

137 1753 293 1802 filandi
315 1757 455 1802 modo
478 1760 647 1805 Romae
677 1763 814 1814 1691.
846 1771 889 1803 et
915 1772 1027 1819 quae
1057 1755 1112 1802 de
1135 1752 1322 1802 Asbesto
1345 1759 1397 1804 A.
1421 1767 1562 1815 1720.
1585 1756 1749 1801 iterum
1773 1767 1954 1818 reperto
1975 1753 2023 1798 in
2045 1751 2108 1796 Si-

137 1822 284 1876 beria,
323 1840 366 1870 et
390 1828 546 1871 Marco
576 1829 751 1872 Veneto
774 1826 863 1871 iam
888 1823 966 1871 lib.
991 1838 1030 1872 1.
1053 1840 1144 1888 cap.
1160 1839 1240 1881 47.
1269 1837 1520 1869 memorato
1543 1821 1780 1869 narrantur
1799 1822 1845 1866 in
1858 1819 2010 1864 Nouis
2031 1817 2107 1864 lit-

140 1892 312 1937 terariis
339 1890 635 1954 Lipsienfibus
674 1898 725 1938 A.
754 1906 890 1951 1729.
929 1908 972 1955 p.
999 1905 1109 1954 329.
1135 1887 1228 1953 sqq.
1300 1889 1430 1937 Adde
1461 1889 1724 1951 Philippum
1755 1891 2022 1933 Bonannum
2054 1885 2104 1931 in

138 1955 294 2005 museo
318 1959 608 2003 Kircheriano
632 1976 727 2020 pag.
744 1968 818 2017 87.
841 1957 921 2003 vbi
941 1972 1164 2004 memorat
1184 1962 1319 2002 Anno
1351 1967 1487 2016 1702.
1504 1968 1727 2017 repertam
1748 1950 1830 1999 effe
1850 1954 2103 2008 vrnamsin

140 2041 226 2089 qua
247 2026 417 2071 cineres
441 2022 594 2070 inclusi
613 2022 797 2070 fuerunt
817 2040 969 2087 panno
990 2041 1043 2069 ex
1076 2023 1171 2067 lino
1202 2019 1432 2066 asbestinO.
1534 2023 1605 2067 De
1639 2037 1769 2067 more
1801 2018 2102 2067 comburendi

139 2108 431 2139 mortuorum
458 2092 667 2138 cadauera
687 2088 845 2137 coni-'et
869 2091 1173 2136 Mezeriacum
1197 2087 1250 2133 ad
1275 2087 1495 2133 Ouidium
1516 2090 1573 2132 T.
1594 2102 1631 2134 1.
1653 2104 1754 2151 pag.
1782 2084 1991 2151 191.sqq.
2031 2089 2104 2141 De

141 2162 415 2207 crematione
455 2159 720 2205 cadauerum
753 2156 981 2203 veteribus
1003 2157 1241 2204 Germanis
1276 2154 1549 2219 populisque
1576 2151 1998 2218 septentrionalibus
2018 2151 2100 2200 vfi·

140 2244 224 2274 tata
248 2225 406 2274 confer
427 2228 703 2290 Procopium
733 2226 778 2270 in
802 2223 986 2271 historia
1006 2224 1146 2271 Gorh.
1169 2239 1267 2286 pag.
1293 2229 1405 2280 256.
1433 2223 1536 2269 edit.
1559 2223 1726 2270 Grotii.
1784 2222 2099 2270 Bartholinum
2164 2262 2175 2269 „

141 2296 342 2358 antiquit.
365 2296 517 2341 Danic.
541 2311 583 2358 p.
608 2313 624 2340 1
646 2307 711 2343 12.
739 2309 780 2339 et
809 2308 918 2351 273.
939 2289 1001 2355 sq.
1036 2290 1300 2337 Cluuerium
1321 2291 1475 2336 Germ.
1500 2291 1634 2352 antiq.
1657 2305 1695 2338 1.
1728 2305 1801 2348 5¹3.
1835 2305 1878 2336 et
1899 2285 2096 2337 Godofr.

142 2365 402 2410 Schutzium
430 2363 483 2408 de
504 2366 661 2409 Germ.
683 2360 920 2423 gentilium
943 2356 1141 2405 viffimis
1155 2357 1361 2404 humanis
1384 2373 1482 2420 pag.
1499 2354 1652 2420 9so.sq.
1692 2361 1758 2403 De
1774 2355 1969 2418 offilegio
1991 2371 2098 2401 con-

142 2428 234 2476 sule
253 2434 405 2477 Franc.
432 2431 619 2477 Antonii
643 2429 879 2475 Zachariae
906 2424 1282 2482 dissertationem,
1317 2441 1427 2487 quae
1454 2421 1642 2470 secunda
1668 2423 1728 2471 est
1752 2425 1921 2470 volum.
1956 2422 2095 2485 primi

147 2513 439 2545 commentar.
463 2495 679 2544 societatis
704 2493 1324 2551 columbariaeflorentinae.
1392 2493 1611 2556 Aegyptii
1639 2508 1828 2555 corpora
1859 2486 2096 2536 defunfi'to·

143 2582 248 2614 rum
270 2567 527 2629 neutiquam
553 2577 833 2619 cremarunt,
866 2563 989 2611 vnde.
1011 2557 1250 2624 Cambyses
1285 2577 1307 2607 a
1335 2559 1546 2607 cadauere
1579 2558 1746 2608 Amafis
1769 2557 1903 2619 Regis
1926 2560 2097 2669 Agg’pt.
2118 2590 2142 2599 2

1914 2638 1985 2689 pr1
2023 2638 2096 2669 em

206 2725 222 2745 2
253 2721 501 2764 Rom.1talicc
526 2724 646 2769 1630.
672 2722 736 2763 fol.
772 2733 811 2763 et
835 2723 970 2764 Latine
989 2694 1118 2762 Tomo
1140 2721 1221 2761 XII.
1244 2722 1379 2760 Graev.
1408 2732 1451 2759 ac
1478 2712 1634 2771 Belgice
1661 2708 1710 2756 ad
1738 2713 1883 2760 calcem
1907 2708 2094 2754 Francisci

140 2776 310 2817 Dctl'ciui
335 2776 630 2832 descriptionem
651 2780 785 2821 veteris
810 2790 847 2821 et
864 2792 990 2822 nouae
1017 2773 1180 2828 Romae,
1210 2773 1424 2842 Amstelofl·
1448 2780 1575 2827 17041
1602 2770 1668 2812 f⁰¹·
