2263 3027
713 131 810 183 DII
840 129 1384 189 ,AEGYPTloRVMt
1914 138 2013 195 '335

78 259 299 320 libr0317.
363 260 595 307 Diodorus
617 255 788 305 Siculus
805 254 972 318 aliique
1001 255 1188 319 plurimi
1212 259 1343 304 etiam
1375 258 1494 304 inter
1515 254 1719 302 ethnicos
1744 250 1853 301 albis
1875 251 2016 301 denti-

77 328 162 378 bus
189 326 406 384 riserunt',
442 344 493 374 vt
515 340 670 373 notant
694 324 784 369 viri
804 321 926 370 doffi
947 323 1000 369 ad
1023 323 1095 368 illa
1118 326 1336 372 quenalis
1354 329 1452 372 XV.
1481 340 1498 373 1
1527 320 1646 388 seqq.

387 399 494 460 Qis
513 393 640 455 nescit
654 425 664 445 ,
704 394 742 437 V
741 390 838 453 olufi
854 391 1097 453 Bithynice,
1121 394 1263 454 qualia
1283 395 1445 440 demens

389 467 599 528 Aegyptus
618 471 823 526 portenta
844 460 981 505 colat?
1017 461 1248 506 crocodilon
1269 463 1451 518 adorat,
1470 473 1546 507 etc.

224 535 435 580 Attamen
459 529 488 576 fi
520 529 618 592 quis
642 528 866 574 Plutarchi
897 526 1063 573 librum
1097 527 1149 573 de
1175 527 1285 575 lfide
1306 545 1348 575 et
1368 527 1543 576 Ofiride
1578 527 1781 582 euoluat,
1817 522 1893 570 vel
1912 521 2015 570 Phi-

75 599 304 648 lostratum
335 596 528 646 consulat
561 595 636 643 lib.
659 599 740 643 VI.
779 596 838 648 de
867 597 957 642 vita
988 595 1225 660 Apollonii
1256 614 1349 661 cap.
1389 615 1458 657 ¹9·
1489 612 1531 644 et
1552 595 1835 643 Clementina
1857 593 1911 638 X.
1937 605 2012 649 17.

72 670 253 734 p2‘689.
276 665 467 719 videbit,
501 665 799 730 vehementer
830 660 924 710 falli
953 680 1052 717 eos,
1089 665 1167 727 qui
1198 666 1452 729 Aegyptios
1484 681 1641 711 omnes
1670 675 1854 725 arguant
1885 656 2008 706 illius

72 735 256 802 supinae
275 734 500 790 stultitiae,
534 748 585 779 vt
607 734 795 780 numina
817 731 897 779 fibi
918 733 964 778 in
982 732 1126 778 hortis
1146 729 1263 778 nasci
1287 733 1578 786 crediderint,
1608 731 1855 793 alliumque
1877 742 1920 773 et
1938 740 2008 780 ce-

70 820 149 872 pas
174 819 220 852 et
248 799 530 850 abieffiffima
559 814 760 865 quaeque
786 818 845 853 ex
878 798 1143 846 animalibus
1171 817 1259 865 pro
1292 801 1537 855 verianus
1574 799 1808 845 coluerint.
1879 794 2007 857 Qin

70 874 224 939 potius
247 872 581 934 Aegyptiorum
608 867 722 915 sacra
743 886 844 915 cum
869 871 1148 916 Graecorum
1176 864 1412 923 conferens
1444 869 1686 928 religione,
1710 871 1752 906 32
1792 867 2008 910 Graecos·

72 957 159 1005 que
183 941 316 985 variis
346 936 618 999 imaginibus
638 952 730 983 arte
751 935 904 996 fallis,
933 935 1118 999 ligneis,
1155 936 1380 1001 lapideis,
1402 934 1578 982 eboreis
1606 930 1709 979 vsos
1741 931 2007 991 easdemque

68 1008 360 1054 veneratione
382 1003 705 1070 prosequentes
731 1003 996 1059 obseruans‚
1035 1022 1140 1070 quas
1163 1020 1311 1051 tamen
1343 1005 1561 1065 imagines
1592 1018 1674 1047 nec
1706 1001 1753 1047 hi
1775 994 1885 1063 ipsas
1905 996 2008 1041 toti-

70 1076 173 1124 dem
196 1078 318 1121 Deos
351 1071 436 1120 eise
463 1070 539 1119 sed
567 1076 772 1120 Deorum
804 1071 1034 1137 symbola,
1074 1088 1204 1137 atque
1232 1089 1283 1121 vt
1314 1068 1464 1118 Celsus
1499 1070 1617 1135 apud
1651 1069 1900 1130 Origenem
1931 1060 2010 1110 lib.

72 1146 176 1190 VII.
209 1159 253 1207 p.
283 1144 388 1203 376.
418 1157 549 1187 vocat
573 1141 871 1196 anathemata,
907 1140 988 1188 fibi
1017 1141 1397 1204 imaginabantur,
1438 1136 1807 1186 considerandum
1838 1145 2009 1197 propo·
2065 1147 2067 1149 ·

64 1212 133 1260 nit
155 1211 441 1262 Plutarchus,
476 1210 568 1254 vtri
599 1227 653 1255 ex
687 1209 907 1257 ambobus
940 1212 1113 1274 aptiora
1141 1208 1219 1255 fibi
1241 1204 1564 1274 proposuerint
1594 1203 1780 1251 colenda
1802 1197 2008 1264 symbola

69 1278 338 1332 diuinitatis,
367 1291 529 1321 vtrum
555 1279 740 1334 Graeci,
778 1279 856 1340 qui
890 1279 1108 1324 inanimes
1133 1294 1174 1323 et
1195 1275 1322 1341 saepe
1346 1273 1550 1322 absurdas
1574 1272 1654 1319 fibi
1677 1270 1880 1318 fecerunt
1902 1268 2009 1312 imaa

70 1347 222 1406 gines,
261 1361 316 1390 an
346 1359 458 1388 vero
490 1345 706 1405 Aegyptii
730 1346 807 1403 qui
839 1345 886 1388 in
921 1347 1041 1389 viuis
1067 1362 1114 1389 ac
1145 1342 1412 1407 spirantibus
1439 1340 1707 1387 animalibus
1738 1337 1811 1384 vel
1842 1334 2007 1399 plantis

69 1424 280 1474 tanquam
301 1409 598 1475 ἕνας-γεςὲξοις
617 1406 865 1472 ἐσόπτροις,
878 1408 1133 1454 clarioribus
1140 1410 1329 1475 spec-ulis,
1343 1424 1391 1454 vt
1409 1425 1452 1471 p.
1471 1418 1526 1467 38
1539 1423 1575 1453 2.
1590 1407 1791 1469 loquitur
1810 1402 1928 1448 viuis
1940 1414 2009 1446 to-

0 1526 1 1530 ,
70 1479 209 1526 tidem
223 1479 311 1524 Dei
331 1476 546 1541 operibus
563 1492 726 1521 certam
740 1492 912 1539 partem
928 1478 1156 1539 potentiae
1177 1475 1476 1537 bonitatisque
1498 1474 1675 1520 diuinae
1696 1467 2006 1532 contemplan-

0 1575 1 1598 3
68 1547 169 1593 dam
191 1559 233 1591 et
253 1545 546 1591 veneratione
565 1540 927 1606 prosequendam
956 1542 1035 1589 sibi
1058 1541 1408 1607 proposuerunt.
1431 1547 1499 1581 331
1545 1545 1614 1586 De
1636 1541 1734 1585 Diis
1757 1536 2007 1600 Aegyptio·

0 1874 19 2207 gfff-*jyz-:W-ne„
5 1820 7 1825 -
5 1774 10 1791 -—
3 1739 8 1763 -Α
0 1722 2 1726 ’
2 1698 6 1709 ·
3 1674 5 1676 ·
1 1625 3 1633 e

0 2224 6 2252 ³
70 2216 279 2269 Francos.
310 2217 365 2264 ad
387 2216 607 2263 Viadrum
644 2232 783 2281 ¹750·
806 2226 850 2275 8.
898 2223 943 2266 P.
975 2221 1019 2265 ΙΙ
1042 2233 1084 2265 et
1103 2221 1183 2266 111.
1221 2218 1329 2265 ibid.
1371 2222 1579 2281 1752.'8.
1653 2215 1737 2262 Cui
1767 2215 2008 2273 iungantur

67 1630 170 1660 rum
192 1614 562 1675 Graecorumque
592 1609 730 1656 multa
759 1610 989 1660 Diodorus
1013 1611 1184 1656 Siculus
1215 1610 1341 1655 libris
1360 1607 1591 1673 prioribus
1627 1606 1929 1653 Bibliothecae
1962 1614 2005 1647 et

65 1682 326 1728 Phurnutus
346 1677 464 1724 libro
487 1678 541 1724 de
568 1678 691 1725 Diis:
729 1679 967 1739 Latinique
997 1670 1278 1730 Macrobius,
1316 1677 1553 1738 Hyginus,
1601 1673 1885 1733 Fulgentius,
1923 1668 2004 1716 Al-

67 1747 241 1796 bricus:
273 1758 315 1793 et
329 1746 408 1810 qui
429 1742 689 1791 christianae
719 1744 952 1806 religionis
977 1745 1233 1808 apologiam
1264 1741 1471 1790 aduersus
1504 1742 1720 1788 Ethnicos
1749 1735 1961 1803 scripsere
1981 1752 2005 1782 e

64 1816 262 1864 Graecis
284 1814 467 1878 qui-dem
500 1813 710 1858 Clemens
731 1812 1063 1859 Alexandrinus
1094 1813 1140 1857 in
1164 1812 1471 1876 protreptico7
1508 1825 1551 1856 et
1576 1806 1790 1857 Eusebius
1810 1808 1857 1852 in
1881 1821 2004 1870 prae-

66 1884 300 1948 paratione
322 1880 598 1942 euangelica:
630 1897 653 1926 e
678 1881 848 1926 Latinis
867 1879 1199 1932 Tertullianus,
1235 1877 1490 1933 Arnobius,
1511 1879 1786 1941 Cyprianus,
1821 1870 2005 1920 Lassan-

66 1952 180 2002 tius,
213 1950 437 1994 Minutius
463 1948 613 2000 Felix,
656 1948 793 1993 Iulius
818 1950 1068 2000 Firmicus,
1107 1947 1464 1993 Commodianus
1490 1960 1532 1991 et
1553 1946 1598 1989 in
1623 1943 1747 1990 libris
1779 1942 1833 1987 de
1857 1939 2004 1987 ciuita-

68 2031 114 2065 te
138 2017 225 2063 Dei
248 2014 532 2076 Augustinus.
598 2017 634 2061 E
654 2009 980 2061 recentioribus
1003 2017 1270 2061 nominatim
1307 2015 1358 2060 de
1380 2015 1478 2058 Diis
1499 2015 1799 2079 Acgyptiorum
1825 2003 2006 2072 copiose

68 2100 204 2148 atque
224 2082 463 2143 diligenter
492 2080 658 2129 differit
680 2085 767 2129 Vir
790 2083 1119 2130 Celeberrimus
1148 2083 1322 2129 Paullus
1342 2079 1551 2127 Ernestus
1578 2078 1808 2128 iablonski
1833 2079 1878 2122 in
1898 2078 2005 2121 Pan-

68 2153 177 2199 theo
199 2151 558 2212 Aegyptiorum‚
582 2148 678 2205 ¹siue
706 2150 761 2197 de
780 2154 879 2198 Diis
905 2156 1070 2198 eorum*
1094 2152 1443 2197 commentario:
1488 2151 1611 2196 cuius
1640 2152 1685 2194 P.
1709 2150 1744 2193 Ι.
1768 2139 1922 2191 excusa
1945 2138 2004 2187 est

1908 2281 2000 2322 An-

71 2409 193 2450 tinum
207 2417 248 2462 p.
272 2422 333 2457 37.
357 2404 541 2446 nonsatis
567 2403 752 2447 aestimari
770 2406 911 2460 potest,
940 2408 1085 2461 inquit,
1115 2416 1303 2459 quantum
1333 2405 1556 2446 christianae
1582 2401 1763 2456 religioni
1793 2399 2002 2441 debeatur,

1 2480 5 2481 ⁷
23 2491 26 2516 7
75 2475 172 2516 quae
196 2474 251 2504 tot
274 2463 511 2515 religionum
532 2460 701 2500 monstra
721 2460 880 2502 sustulit.
938 2465 1036 2502 Idem
1054 2473 1090 2516 p.
1116 2478 1135 2512 5
1141 2478 1180 2510 9.
1199 2465 1278 2512 ait,
1311 2462 1546 2515 christianum
1567 2460 1775 2512 religionem
1786 2451 1900 2510 futffe
1914 2453 2003 2492 adeo

6 2622 13 2647 ..η

77 2519 271 2572 robustam,
300 2528 346 2558 vt
361 2520 481 2556 omnia
500 2517 716 2570 religionum
739 2517 892 2570 monstra
904 2517 1110 2571 Jicstulerit.

133 2606 169 2635 ³2
198 2605 403 2656 Apollonius
423 2604 525 2656 apud
543 2589 831 2651 Philcflrahtum
855 2604 914 2644 VJ.
935 2620 952 2656 q
959 2619 997 2652 9.
1011 2614 1053 2658 p.
1071 2619 1088 2643 2
1098 2619 1117 2654 5
1123 2620 1161 2653 7.
1181 2603 1268 2642 bene
1284 2588 1422 2647 mohet,
1451 2610 1486 2638 et
1506 2600 1665 2640 Graecos
1683 2607 1720 2637 et
1736 2599 1932 2652 Aegyptios
1949 2610 2004 2636 re—

28 2652 30 2686 Ῐ
78 2657 132 2698 He
141 2658 328 2711 fifiuros,
348 2660 386 2712 Ji
407 2660 544 2709 nullum
564 2659 655 2698 Diis
667 2658 1122 2711 p071e7·e71ffin1ulttcae·un1,
1145 2658 1217 2712 chl
1234 2670 1354 2696 eorum
1376 2654 1597 2708 maiestatem
1618 2665 1734 2694 mente
1745 2654 2006 2708 qffbrmandam

77 2713 321 2767 relinquerent
337 2714 549 2754 cultoribus.

132 2785 168 2814 33
202 2782 262 2822 Sic
280 2783 393 2842 pf'st'
412 2776 632 2824 Artabanus
651 2783 755 2834 apud
772 2783 1015 2830 Plutarchum
1027 2786 1064 2822 in
1082 2781 1309 2835 Themtstncle
1335 2781 1374 2821 T.
1399 2782 1426 2819 l.
1447 2781 1535 2834 Opp.
1554 2792 1644 2838 pag.
1667 2797 1759 2834 1²5·
1781 2783 1869 2824 edit.
1885 2782 1998 2824 Fran·

76 2835 147 2889 '0f·
172 2851 218 2885 15
224 2851 288 2884 99.
309 2840 387 2886 ait,
414 2840 567 2879 adorari
588 2852 612 2877 a
630 2838 671 2897 st·
694 2839 824 2891 Regem
842 2839 952 2877 ἒικιῖνκ
971 2842 1063 2878 Θεοῦ
1074 2839 1130 2882 Ἱοῦ
1142 2839 1186 2878 7οὶ
1208 2836 1314 2877 mma
1335 2837 1498 2884 σῑόξοίῖος.
