2263 3027
576 45 778 98 RITVS
812 44 1002 96 VARn
1045 43 1444 97 NVPTIALES.
1920 53 2018 110 89¹9

87 169 165 221 lib.
183 189 222 222 1.
244 188 279 221 c.
299 185 373 234 24.
393 167 455 235 sq.
490 171 538 216 in
568 166 902 234 antiquitatibus
933 167 1255 225 conuiualibus‚
1288 171 1403 216 Sam.
1430 168 1623 215 Pet-itum
1656 165 1711 213 ad
1737 170 1879 229 Leges
1907 168 2017 213 Atti-

89 258 158 288 cas
177 257 223 304 p.
244 255 297 300 15
314 255 348 287 1.
371 236 431 301 sq.
499 235 716 285 Casalium
735 238 844 282 item
876 247 918 282 et
949 238 1240 284 Laurentium
1267 239 1422 283 Tomo
1437 238 1560 284 VIII.
1583 232 1774 282 thesauri
1807 237 2021 281 Gronov.

86 324 131 372 p.
152 323 235 365 131
253 321 289 354 1.
315 315 356 351 et
384 314 521 367 1346.
588 303 800 352 Vrfinum
825 319 921 366 pag.
947 310 1054 366 383.
1091 303 1288 351 arboreti
1317 303 1494 359 biblici,
1533 317 1576 350 et
1593 302 1766 349 Daniel.
1790 305 2016 362 Traugott

86 375 338 421 Mulierum
362 375 407 418 in
436 385 770 437 programmate
796 370 851 415 de
881 368 1029 416 cauffis
1057 372 1375 418 conuiuiorum
1408 370 1704 434 nuptialium,
1743 369 1866 433 quod
1886 367 2021 415 exstat

89 446 135 487 in
160 432 570 489 1.G.Bidernianni
590 435 756 489 seleffls
779 433 1043 483 scholasticis
1056 440 1156 484 Vol.
1175 457 1210 484 1.
1231 454 1396 501 p.732.
1414 435 1507 501 sqq.
1578 440 1630 483 In
1653 434 1872 501 praesenti
1890 433 2020 482 suffe-

89 510 199 555 cerit
223 504 409 561 notaffe,
445 506 569 570 quod
592 505 710 570 apud
733 508 930 552 Graecos
949 519 991 551 et
1012 507 1196 552 Latinos
1217 503 1456 569 scriptores
1477 504 1748 551 vocabulum
1770 505 1953 568 nuptiae
1977 516 2021 549 et

86 574 241 639 ’γάμος
261 592 346 640 pro
368 575 578 622 conuiuio
594 572 782 637 nuptiali
806 574 1007 636 ponitur.
1085 572 1203 618 Vide
1226 589 1336 635 quae
1354 574 1444 618 viri
1464 570 1586 618 dosii
1607 586 1763 619 notant
1782 572 1836 618 ad
1857 571 2022 617 Matth.

86 646 226 690 XXII.
254 657 295 692 2.
333 646 509 702 Menag.
529 641 582 687 ad
603 641 833 687 Lae'rtium
853 655 951 704 pag.
971 653 1049 701 42.
1121 639 1333 686 Cockerti
1363 640 1557 687 indicem
1587 640 1640 686 ad
1672 641 1942 687 Terentium
1971 638 2021 684 in

86 709 310 757 vocabulo
330 714 513 774 nuptiae.
580 706 729 754 Exstat
751 722 931 771 quoque
951 706 1098 754 breuis
1122 706 1258 754 Gabr.
1278 708 1539 770 Marquardi
1571 705 1662 753 diff.
1692 708 1746 754 de
1775 724 1912 756 coena
1941 721 2022 752 nu-

86 778 216 843 ptiali
240 774 410 841 Lipsiae
436 783 581 832 1692.
602 776 730 823 edita.
798 777 869 821 De
888 775 1024 820 taedis
1047 791 1156 838 quae
1175 771 1373 820 solebant
1397 777 1626 836 neogamis
1646 772 1877 839 praeferri,
1900 769 2024 819 diffe-

85 847 146 893 rit
171 861 212 891 et
231 845 386 891 Delrio
411 845 458 890 in
486 847 743 891 Comment.
767 842 820 889 ad
839 845 1049 888 Senecam
1081 843 1260 903 Tragic.
1284 858 1326 905 p.
1345 857 1415 902 14.
1438 839 1498 904 sq.
1529 840 1761 888 Tristanus
1789 844 1837 888 in
1872 841 2022 887 numis

84 915 353 977 Imperator.
377 924 559 960 t0m02.
582 929 624 976 p.
639 920 749 971 653.
825 910 1094 971 Vigenerius
1125 910 1180 955 ad
1198 907 1449 957 Philostrati
1479 911 1699 962 Comum,
1736 924 1778 955 et
1808 909 2025 955 Mezeria-

86 998 163 1028 cus
182 980 236 1027 ad
257 979 476 1028 Ouidium
496 983 555 1026 T.
574 997 610 1025 1.
634 995 680 1043 p.
700 983 807 1034 188.
840 974 932 1040 sqq.
1012 979 1082 1022 De
1110 976 1312 1024 Zonulae
1340 973 1562 1024 solutione
1591 976 1713 1022 idem
1748 977 2026 1022 Mezeriacus

84 1047 192 1094 ibid.
213 1062 257 1112 p.
277 1062 380 1108 179.
399 1044 493 1110 sqq.
561 1046 701 1093 Iulius
722 1045 865 1092 Carol.
879 1043 1176 1105 {Schlaegerus
1197 1046 1244 1090 in
1266 1045 1647 1090 commentatione
1672 1044 1727 1090 de
1739 1045 1881 1090 Diana
1899 1053 2026 1093 λυσι-

84 1113 200 1180 ζᾶνω.
240 1113 404 1160 Hamb.
436 1131 569 1173 ¹735·
591 1129 636 1175 4.
713 1112 1009 1176 Spanhemius
1030 1111 1084 1157 ad
1105 1111 1366 1158 Callimachi
1385 1112 1612 1172 hymnum
1631 1113 1678 1158 in
1700 1115 1858 1159 Iouem
1884 1128 1926 1157 v.
1945 1126 2024 1158 21.

86 1198 130 1230 et
149 1186 269 1228 Ioan.
300 1182 570 1228 Schraderus
600 1181 654 1228 ad
680 1177 912 1227 Musaeum
934 1196 975 1242 p.
992 1192 1100 1240 341.
1169 1181 1237 1224 De
1262 1177 1469 1224 Pronuba
1489 1176 1694 1242 sponsam
1720 1180 1767 1225 in
1787 1176 1905 1226 lePco
1937 1178 2027 1224 col»

85 1251 262 1296 locante
293 1250 570 1295 Mezeriacus
590 1247 696 1294 ibid.
721 1264 765 1310 p.
785 1253 888 1300 182.
913 1243 1005 1309 sqq.
1079 1248 1151 1291 De
1171 1248 1270 1292 Deo
1293 1245 1539 1291 domiduco
1571 1260 1614 1292 et
1636 1246 1731 1292 aliis
1751 1247 1835 1291 diis
1849 1247 2026 1309 nuptia-

86 1317 204 1364 libus
226 1315 453 1362 adeundus
474 1312 727 1362 Franciscus
738 1313 968 1375 Pomeyin
988 1313 1185 1377 pantheo
1201 1327 1243 1359 et
1260 1311 1551 1376 Dempsterus
1573 1311 2025 1377 adRofinumpgssq.

90 1398 202 1446 395.
271 1385 340 1428 De
360 1379 625 1429 fescenninis
649 1380 920 1428 carminibus
943 1382 1180 1441 Menagius
1211 1382 1257 1426 in
1289 1381 1445 1442 Origg.
1474 1380 1658 1427 Gallicis
1687 1380 1908 1427 vocabulo
1937 1379 2028 1426 cha-

86 1455 255 1505 rivari,
291 1451 504 1496 Dacerius
525 1451 579 1497 ad
602 1447 782 1497 Festum
804 1463 847 1495 ct
867 1448 1049 1494 Horatii
1070 1447 1145 1496 lib.
1160 1465 1202 1496 2.
1223 1446 1359 1511 Epist.
1391 1464 1424 1493 1.
1493 1446 1669 1494 Talaffii
1702 1465 1872 1495 nomen
1903 1447 2028 1495 vnde

87 1516 314 1579 originem
336 1517 513 1564 duxerit
534 1518 666 1565 tradit
688 1531 863 1581 praeter
891 1517 1073 1562 Liuium
1104 1516 1134 1564 l.
1156 1532 1192 1563 1.
1216 1532 1250 1561 c.
1275 1530 1319 1574 9.
1355 1530 1398 1561 et
1418 1514 1705 1562 Plutarchum
1735 1517 1785 1563 in
1810 1515 2024 1572 Romulo,

85 1585 211 1632 idem
244 1585 502 1632 Plutarchus
535 1587 583 1632 in
611 1586 704 1632 vita
739 1584 946 1648 Pompeii
972 1599 1017 1648 p.
1043 1588 1153 1633 620.
1182 1580 1243 1645 sq.
1281 1597 1325 1628 et
1355 1583 1402 1628 in
1433 1581 1763 1645 quaestionibus
1796 1584 2026 1630 Romanis,

85 1651 272 1698 Erudita
303 1652 358 1699 de
391 1652 661 1700 carminibus
686 1650 959 1716 nuptialibus
990 1649 1177 1713 diatriba
1207 1652 1269 1698 10.
1291 1647 1550 1715 Christoph.
1580 1648 1819 1698 Busmanni
1851 1649 2027 1715 prodiit

86 1717 280 1767 Helmst.
311 1733 451 1781 ¹7¹0·
469 1735 519 1781 4..
583 1723 710 1766 Ritus
730 1720 880 1765 varios
904 1719 1145 1783 nuptiale8‚
1182 1721 1460 1766 Graecorum
1486 1719 1704 1776 maxime,
1737 1720 1879 1780 tangit
1891 1718 2028 1766 etiam

86 1787 335 1835 Aueranius
358 1783 519 1833 differt.
535 1795 612 1843 28.
636 1788 682 1832 in
703 1785 1039 1849 Thucydidem.
1078 1786 1149 1832 Ad
1173 1782 1513 1849 inscriptionem
1534 1789 1714 1834 Gruter.
1737 1802 1782 1851 p.
1798 1802 1880 1833 ccc
1902 1801 2024 1833 xux.

86 1869 130 1903 2.
166 1853 322 1901 homini
343 1852 466 1910 bono,
500 1860 598 1902 viro
620 1852 965 1917 obfi’qucntiffi'mo
984 1853 1088 1900 vide
1110 1852 1448 1914 Gundlingiana
1470 1856 1717 1901 XXXVIII.
1739 1867 1785 1903 2.
1854 1855 1906 1899 In
1926 1869 2026 1916 pra-

84 1938 161 1968 uas
192 1916 532 1969 consuetudines
565 1938 607 1969 et
643 1938 791 1968 mores
823 1916 1054 1966 dissolutos
1075 1919 1258 1966 suorum
1288 1935 1548 1984 temporum
1581 1922 1625 1966 in
1655 1921 1913 1985 nuptiarum
1944 1917 2026 1965 sol-

85 1987 311 2036 lemnibus
335 1989 484 2035 multis
505 1989 656 2036 verbis
679 1990 910 2036 inuehitur
931 1985 1275 2053 Chrysostomus
1299 1988 1487 2036 homilia
1505 1988 1607 2037 XII.
1630 1989 1679 2036 in
1704 2004 1724 2035 1
1741 1987 1794 2036 ad
1814 1987 2024 2036 Corinth.

28 2107 46 2119 f
85 2059 241 2103 Tomo
254 2058 305 2105 X.
329 2055 432 2102 edit.
453 2072 593 2102 nouae
615 2073 658 2121 p.
676 2072 778 2117 104.
807 2054 868 2120 sq.

240 2126 321 2170 VI.
368 2122 544 2169 Gradus
581 2122 838 2188 prohibitos
866 2123 964 2186 lege
995 2122 1146 2172 diuina
1175 2139 1412 2191 exponunt
1440 2128 1713 2189 Interpretes
1744 2123 1798 2171 ad
1828 2121 2024 2171 Leuitici

84 2193 251 2238 XVIII.
274 2194 339 2236 Io.
361 2190 573 2236 Seldenus
596 2191 650 2238 de
674 2192 771 2238 iure
790 2193 989 2239 Naturae
1021 2192 1093 2238 lib.
1108 2197 1161 2238 V.
1193 2209 1236 2239 et
1258 2195 1301 2238 in
1325 2209 1467 2238 vxore
1491 2193 1712 2239 Hebraica
1735 2191 1809 2237 lib.
1832 2206 1867 2238 1.
1900 2190 2023 2254 prio·

87 2258 210 2305 ribus
234 2255 304 2303 sex
327 2257 579 2321 capitibus.
605 2262 650 2304 B.
672 2261 736 2303 Io.
760 2260 1019 2307 Gerhardus
1044 2275 1086 2305 et
1109 2259 1181 2304 alii
1201 2260 1432 2320 Theologi
1455 2262 1578 2309 Loco
1602 2259 1656 2305 de
1678 2259 1918 2320 Coniugio,
1955 2259 2024 2302 Io.

87 2326 354 2373 Bartholdus
377 2327 959 2389 Niemeie1·uS,Theologus
981 2324 1170 2372 Helmst.
1194 2326 1239 2372 in
1269 2324 1645 2372 dissertationibus
1677 2325 1732 2372 de
1760 2321 2023 2385 consangui-

0 2420 1 2455 l
87 2395 236 2440 nitatis
267 2409 309 2439 et
328 2390 549 2439 affinitatis
581 2392 790 2454 gradibus
819 2393 1008 2441 Helmst.
1047 2402 1182 2451 1699.
1214 2411 1255 2449 4.
1326 2393 1504 2439 Theod.
1532 2397 1641 2440 Bcza
1672 2392 1727 2438 de
1755 2391 1952 2456 repudiis
1974 2404 2021 2437 et

0 2468 15 2511 ᾖ.
89 2460 296 2507 diuortiis
319 2476 445 2508 tomo
470 2479 509 2508 2.
541 2463 661 2525 Opp.
684 2478 725 2524 p.
745 2468 818 2510 66.
838 2459 898 2525 sq.
967 2461 1143 2507 Paullus
1166 2456 1345 2507 Hulsius
1366 2462 1411 2506 in
1436 2458 1617 2506 historia
1637 2458 1750 2506 sacra
1781 2457 2023 2523 turpitudi-

87 2529 156 2575 nis
194 2527 389 2575 incestae.
441 2531 705 2589 Groningae
735 2543 872 2590 ¹7¹4·
921 2528 1256 2600 Gundlingiana
1274 2526 1452 2575 XXVII.
1484 2542 1522 2587 3.
1572 2530 1634 2574 10.
1656 2528 1798 2574 Mich.
1826 2526 2022 2588 Langius

1 2595 4 2638 ἰ
88 2597 137 2641 in
169 2593 542 2642 dissertationibus
572 2597 712 2643 tribus
737 2595 791 2641 de
824 2597 991 2660 nuptiis
1016 2595 1281 2660 prohibitis,
1324 2588 1503 2641 Altorfii
1542 2609 1678 2658 1709.
1755 2592 2018 2657 Christoph.

90 2664 252 2711 Matth.
272 2661 450 2713 Pfaffius
468 2666 517 2714 in
546 2662 706 2713 differt.
729 2662 783 2713 de
801 2680 896 2712 non
915 2662 1321 2729 appropinquando
1343 2662 1397 2712 ad
1416 2678 1595 2715 carnem
1614 2663 1760 2715 carnis
1778 2659 2025 2710 suae.Tub.

3 2745 5 2762 ·
1879 2743 2023 2792 1729.
