2263 3027
728 86 1015 167 M¹¹÷¹T¹A
1052 86 1375 145 NAVALIS.
1946 59 2042 147 81'7

91 213 140 264 in
168 214 362 264 'Baifium
395 211 613 261 commisii
641 209 935 275 accusauerat,
971 208 1356 276 inscriptus-liber
1390 211 1534 274 Lugd.
1571 224 1710 272 1537.
1740 226 1782 266 4.
1823 210 1899 272 qui
1934 226 2036 255 cum

90 283 229 334 Baifio
266 280 573 346 Schefferique
595 279 894 328 dissertatione
918 281 1005 325 iam
1040 280 1210 326 laudata
1234 282 1290 328 de
1317 282 1527 337 varietate
1557 281 1742 324 nauium.
1769 274 1947 322 recuius
1981 275 2041 322 est

91 367 203 398 tom.
238 369 248 399 1
272 369 305 400 t.
328 353 528 415 antiquit.
545 353 815 407 Graecarum
831 380 843 400 ,
892 342 1274 410 quemadmodum
1295 349 1342 404 in
1365 362 1473 394 tom.
1497 365 1570 394 12.
1596 346 1799 409 antiquit.
1821 347 2039 390 Romana-

97 436 201 466 rum
231 421 426 466 occurrit
457 422 523 464 M.
555 415 779 463 Meibonii
800 416 855 461 de
887 413 1054 461 fabrica
1085 415 1482 471 triremiumliber
1505 411 1827 462 Amstelodami
1858 412 2038 475 pridem

96 488 241 533 editus
270 492 408 550 1671.
431 503 476 543 4.
519 501 560 532 et
591 481 738 530 Const.
768 482 922 547 Opelii
965 481 1052 528 fiue
1087 476 1367 531 eiusdem'vt
1398 483 1592 529 creditur
1622 477 1819 528 Scheferi
1853 477 2039 543 epistola

95 554 353 601 Meibomio
377 551 589 618 opposita.
659 551 864 598 Andreae
878 547 1094 596 Senftlebi
1119 558 1268 612 Argo,
1303 550 1391 598 siue
1412 552 1635 596 variarum
1658 549 1939 610 antiquarum
1963 563 2037 592 na·

94 624 220 668 uium
243 621 359 669 filu-a.
382 617 498 684 Lips.
527 623 664 680 ¹642·
691 626 735 673 8,
808 616 954 664 Claffis
975 615 1227 682 praefeg’tus
1257 620 1496 665 recentiori
1516 632 1652 664 aetate
1684 613 1906 662 vocabulo
1931 623 2037 660 Ara-

96 688 200 735 bico
226 688 368 736 dietus
390 685 635 752 Αμιροὶλιος
660 686 713 732 de
747 703 837 749 quo
861 688 1053 746 (langius
1082 686 1135 732 ad
1165 686 1425 732 Alexiadem
1450 702 1493 750 p.
1520 701 1627 746 371-
1651 697 1755 745 372.
1787 697 1829 728 et
1854 683 1900 732 in
1923 678 2038 743 glos-

23 818 27 821 ι
92 754 208 803 sario
230 774 402 819 graeco,
425 756 702 802 Theodorus
722 751 870 800 Dousa
890 754 950 800 ad.
968 755 1278 817 Acropolitam
1312 758 1480 817 9296.
1552 751 1758 797 Vrbanus
1782 751 2044 797 Chevraeus'

91 827 140 871 in
164 824 461 872 Chevraeanis
491 838 600 868 tom,
626 836 667 871 2.
698 839 796 886 pag.
817 835 882 882 24
913 817 976 884 sq.
1049 825 1160 867 Otto
1185 825 1370 885 Dapper
1402 824 1449 866 in
1484 817 1782 883 descriptione
1806 818 2038 864 Americae

91 909 191 956 pag.
211 899 290 954 46.
360 892 492 938 Varia
513 891 564 936 ad
594 893 874 952 antiquitates
896 890 1090 935 nauticas
1113 886 1354 953 speeiantia
1374 886 1560 934 illustrat
1583 888 1714 933 etiam
1736 883 1964 932 Salmasius
1983 883 2040 930 ad

92 961 163 1006 ius
186 961 386 1006 Atticum
409 976 500 1022 cap.
526 967 600 1014 282
668 957 1035 1004 Bartholomaeus
1056 956 1420 1004 Keckermannus
1439 957 1485 1000 in
1520 954 1900 1000 commentatione
1931 968 2036 997 nau-

84 1027 176 1073 'tica
197 1043 332 1075 ‚tomo
361 1043 399 1087 3.
430 1024 675 1089 systematis
697 1023 980 1088 systematum
1003 1041 1103 1088 pag.
1126 1039 1184 1086 75
1199 1039 1221 1083 3
1243 1020 1304 1086 sq.
1381 1016 1558 1069 Bartho.
1586 1017 1834 1067 Morisotus
1857 1021 1904 1064 in
1925 1016 2037 1064 orbe

87 1097 317 1141 maritimo
339 1092 467 1141 Paris.
499 1098 554 1140 ¹6
564 1109 587 1155 ς
596 1109 636 1155 3.
662 1090 743 1139 fol.
813 1094 935 1140 Tho.
958 1094 1114 1138 Riuiu's
1138 1094 1183 1138 in
1206 1090 1389 1139 historia
1412 1089 1555 1136 nauali
1584 1090 1765 1150 antiqua
1798 1100 1840 1132 et
1866 1089 2035 1147 Georg.

88 1163 366 1210 Fournerius
396 1165 443 1209 in
468 1161 834 1226 hydrographia,
873 1161 1046 1208 Caelius
1078 1160 1362 1221 Calcagnicus
1392 1159 1515 1206 cuius
1548 1155 1870 1204 commentatio
1901 1154 1957 1201 de
1985 1169 2036 1209 re

88 1232 304 1285 Nautio-a,
331 1231 386 1276 ad
406 1229 660 1293 Gyraldum
675 1262 687 1282 ,
726 1225 945 1293 Iosephus
964 1230 1229 1275 Laurentius
1258 1229 1382 1274 cuius
1410 1225 1599 1272 diatriba
1622 1224 1788 1288 duplex
1811 1223 1944 1268 huius
1967 1237 2034 1267 ar-

89 1300 292 1359 gumenti
324 1315 377 1344 ex
408 1297 716 1360 polymathiae
744 1297 837 1341 eius
866 1297 940 1343 lib.
976 1312 1011 1342 ι.
1041 1312 1132 1359 cap.
1163 1311 1233 1357 17.
1262 1310 1304 1341 et
1338 1308 1413 1343 22.
1442 1294 1648 1356 decerpta
1678 1290 1867 1343 habetur
1897 1290 2031 1336 etiam

91 1379 219 1410 tomo
248 1379 321 1411 11.
350 1365 552 1425 antiquit.
585 1366 872 1409 Graecarum.
943 1364 1150 1408 Sauerien
1172 1365 1217 1408 in
1248 1361 1365 1409 libro
1394 1360 1568 1407 Gallico
1592 1358 1872 1405 Reeherches
1900 1353 2033 1402 histo·
2088 1395 2091 1397 .

88 1432 245 1493 riques.
261 1427 334 1476 sur
361 1432 400 1476 la
420 1427 724 1476 construffion
748 1429 824 1475 des
846 1431 1042 1477 Navires
1072 1429 1149 1475 des
1169 1431 1376 1476 Anciens.
1398 1426 1567 1474 Parisiis
1597 1442 1735 1489 1747.
1764 1440 1797 1486 4
1845 1423 2031 1470 Deslan·

90 1498 168 1544 des
193 1499 240 1544 in
260 1498 376 1544 libro
402 1498 557 1543 itidem
582 1496 740 1558 gallice
760 1497 907 1542 edito:
940 1495 1068 1561 Effay
1090 1494 1162 1543 sur
1184 1498 1224 1543 la
1254 1498 1431 1543 Marine
1451 1497 1525 1543 des
1548 1498 1743 1543 Anciens
1768 1508 1809 1539 et
1836 1492 2030 1556 particu-

88 1564 326 1612 lierement
367 1563 438 1611 sur
468 1565 584 1611 leurs
625 1561 840 1610 vaiffeaux
868 1565 922 1611 de
950 1582 1124 1627 guerre.
1165 1563 1294 1612 Paris.
1339 1573 1475 1627 1748.
1514 1572 1557 1620 8.
1660 1565 1743 1608 Iac.
1784 1560 2030 1606 Palmerius

88 1635 283 1679 Exercit.
309 1633 363 1679 ad
395 1631 633 1697 scriptores
653 1635 850 1680 Graecos
877 1650 920 1697 p.
950 1647 1041 1691 170
1065 1631 1124 1699 sq.
1195 1637 1314 1679 ioan.
1342 1633 1607 1678 Vincentius
1629 1626 1944 1678 Lucchefinius
1974 1625 2031 1673 ad

87 1703 210 1747 Orat.
239 1715 255 1747 1
290 1699 621 1746 Demosthenis.
672 1701 869 1764 Raphael
884 1700 1141 1748 Fabrettiad
1156 1702 1412 1748 columnam
1427 1701 1664 1745 Traianam
1679 1700 1842 1760 c.5-P·¹
1863 1710 1920 1752 19
1934 1692 2031 1756 sqq·
2071 1724 2074 1727 ·

87 1783 129 1814 et
152 1768 338 1813 Henric.
372 1769 643 1831 Kippingius
676 1768 729 1813 de
763 1770 957 1831 expedit.
991 1771 1235 1824 maritima,
1282 1766 1443 1815 differt.
1483 1769 1643 1832 prima.
1716 1762 1844 1810 isaaci
1887 1758 2030 1807 Voffii

88 1835 145 1902 de
165 1837 418 1881 triremium
441 1851 485 1881 et
505 1834 852 1881 Liburnicarum
883 1835 1214 1884 construffione
1234 1835 1327 1883 diff.
1356 1854 1410 1882 ex
1432 1837 1566 1881 variis
1588 1837 1680 1881 eius
1704 1825 2030 1883 obseruationi-

86 1900 171 1949 bus
195 1905 329 1965 petita
347 1918 463 1949 extat
484 1904 529 1948 in
554 1918 682 1948 tomo
710 1919 781 1950 12.
811 1906 1055 1966 antiquitat.
1085 1902 1214 1951 Rom.
1284 1908 1450 1968 Neque
1480 1900 1829 1967 praetereundus
1850 1896 2035 1944 Nicolai

18 1992 21 1993 ⁷
89 1967 364 2024 Witseniiz,
400 1969 580 2016 illustris
603 1972 729 2023 Viri,
763 1971 877 2017 liber
899 1972 952 2017 de
976 1972 1269 2019 architectura
1299 1973 1441 2018 nauali
1475 1988 1592 2017 noua
1626 1965 1668 2016 e}
1703 1965 1906 2030 antiqua,
1940 1964 2032 2011 bel-

89 2040 188 2099 gice
210 2043 261 2083 A.
294 2047 429 2097 167¹,
462 2039 628 2096 editus,
668 2055 801 2100 quem
832 2040 886 2085 de
918 2057 1124 2087 veterum
1158 2038 1524 2099 nauiumerostris
1552 2054 1594 2084 et
1628 2037 1724 2083 aliis
1755 2033 2031 2081 ornamentis

89 2102 371 2151 differentem
395 2104 538 2151 laudat
565 2109 632 2150 Iac
671 2110 725 2151 de
748 2108 896 2153 Wilde
921 2125 1019 2172 pag.
1053 2117 1153 2163 ¹88-
1176 2104 1384 2154 numism.
1456 2112 1493 2153 A
1518 2107 1668 2170 plagio
1692 2106 1737 2149 in
1762 2099 2027 2148 Schef'erum
2057 2160 2059 2162 v
2096 2149 2097 2154 ,

87 2172 282 2219 libenter
301 2169 530 2218 absoluent
553 2175 710 2233 omnes
734 2176 811 2237 qui
840 2174 1185 2222 honestiffimam
1213 2175 1488 2239 palinodiam
1515 2172 1832 2218 Mollerianam
1857 2166 2030 2231 supple.⁴

87 2256 243 2287 mento
260 2239 557 2304 ssibliothecae
571 2256 692 2286 meae
708 2238 864 2289 latinae
885 2242 1164 2307 praemissam
1189 2244 1392 2301 legerint.
1467 2242 1641 2285 Veteris
1661 2237 2026 2295 triremis-imago

87 2310 135 2355 in
156 2309 364 2355 columna
388 2306 557 2353 celebri
581 2310 762 2354 Traiani
792 2328 963 2371 n..235.
992 2318 1100 2366 236.
1138 2306 1431 2371 conspicitur,
1470 2322 1601 2369 atque
1623 2306 1728 2351 inde
1754 2303 1870 2366 apud
1891 2305 2028 2348 Grae·-

87 2378 213 2422 uium
239 2377 291 2422 ad
314 2376 497 2421 Florum
528 2377 599 2420 lV.
633 2389 649 2420 1
665 2374 944 2440 Labosque,
981 2377 1100 2422 vnde
1125 2390 1308 2439 apparet
1332 2379 1499 2419 ordines
1520 2375 1671 2419 vocari
1696 2374 1740 2417 in
1765 2369 2027 2417 triremibus
2086 2378 2089 2381 '

89 2440 422 2506 maioribul'tlue
451 2441 658 2493 nauibus²
699 2439 832 2490 series
860 2448 1083 2506 remigum
1115 2461 1136 2488 a
1162 2440 1339 2489 summo
1370 2441 1423 2488 acl
1450 2443 1615 2493 imum,
1653 2442 1711 2485 ita
1741 2455 1789 2484 vt
1827 2434 2027 2484 summus

91 2512 207 2557 ordo
239 2511 286 2557 sit
323 2512 617 2557 thranirarum
640 2542 672 2565 ‚.
699 2512 882 2558 medius
905 2515 1202 2575 Zygitarum,
1256 2511 1410 2557 tertius
1448 2509 1639 2572 denique
1680 2507 2027 2560 thalamirarum,

87 2579 232 2641 verjfits
254 2595 400 2627 autem
424 2577 507 2627 effe
530 2575 660 2646 series
680 2580 905 2645 remigum
929 2597 1067 2643 aeque
1096 2579 1180 2625 alte
1202 2575 1464 2626 sedentium.
1534 2583 1676 2624 Acute
1697 2576 1881 2641 quidem
1894 2571 1951 2622 <Pl
1971 2573 2027 2619 de

1078 2653 1117 2694 A
1141 2662 1165 2691 a
1203 2662 1226 2707 3
1348 2646 1353 2654 ¹
1910 2646 2027 2698 Lan-

152 2796 172 2826 7
200 2792 478 2852 philosophica
499 2794 767 2838 Transaflions
788 2792 845 2837 Ν.
866 2805 937 2850 77.
966 2807 1004 2850 p.
1026 2793 1147 2849 3006·
