2263 3027
213 87 311 135 534
687 65 835 118 CAP.
873 66 989 118 XL-
1025 64 1120 119 DE
1183 63 1675 121 CONCIONIBVS
1749 83 1752 87 ’

208 201 263 244 Α.
289 208 427 253 1701.
448 208 550 257 pag.
581 199 685 252 189.
706 197 750 239 e't
769 195 994 258 Spenerus
1022 192 1074 240 in
1105 188 1300 239 consiliis
1330 191 1604 254 theologicis
1635 191 1918 240 Germanicis
1947 195 2075 247 Parte
2108 209 2152 252 3,

210 262 541 329 pas-746¹qq·
619 281 656 307 ³·
1614 329 1619 335 ,
2035 296 2040 300 -

380 333 418 375 Χ
434 332 488 377 Χ.
558 332 629 376 De
648 343 856 376 veterum
878 325 1234 376 Christianorum
1260 325 1556 375 concionibus
1577 324 1912 388 diligentiffime
1931 327 2022 389 egit
2047 326 2153 376 Ber-

207 399 416 446 nardinns
436 399 669 443 Ferrarius
687 395 831 444 tribus
853 396 980 444 libris
994 429 1006 450 ,
1026 397 1106 460 qui
1123 395 1223 461 post
1246 396 1493 442 editionem
1514 393 1905 442 Mediolanensem
1928 388 1982 445 Α.
2013 401 2155 446 1621.

209 482 255 513 et
276 462 623 528 Lugdunensem
652 466 776 512 Anni
803 480 819 513 1
834 470 941 526 664.
962 461 1099 513 raris.
1132 468 1271 520 1664.
1301 462 1437 510 recufi
1468 461 1569 510 sunt
1590 461 1825 511 Vltraiessi
1849 475 1969 524 1692
1984 471 2064 518 ,8.
2084 479 2157 509 cu-

209 549 337 582 rante
360 538 421 580 Io,
444 535 647 595 Georgio
675 535 888 587 Graeuio,
909 534 1032 588 cuius
1047 529 1367 593 editiorecusa
1387 530 1447 578 est
1468 533 1672 579 Venetiis
1701 541 1914 593 1731‚.8.
1961 527 2154 595 Copiosa

208 620 267 649 ex
287 602 446 650 eodem
472 601 591 648 libro
612 616 822 665 excerpta
844 616 1086 649 occurrunt
1107 602 1152 645 in
1177 602 1540 646 Zimmermanni
1568 597 1789 658 Analefilis
1818 616 1918 664 pag6
1942 615 2041 662 477
2061 595 2157 662 sqq.

212 672 403 732 Egregia
423 670 579 716 itidem
603 669 808 718 Ioachinzi
821 667 1110 718 *Hildebrandi
1128 668 1387 716 exercitatio
1411 667 1467 714 de
1488 682 1695 715 veterum
1723 669 2032 715 Concionibus
2053 683 2158 731 pro-

213 740 298 786 diit
328 736 523 788 Helmst.
565 741 704 792 1661,
737 755 782 800 4.
829 739 898 784 De
924 736 1087 784 eodem
1117 751 1386 797 argumento
1412 736 1503 798 agit
1529 738 1663 784 etiam
1696 736 1814 784 Ioan.
1845 732 2159 783 Hoornbeckius

211 806 331 854 libro
359 821 400 854 1.
422 803 816 853 Miscellaneorum
837 802 1065 852 sacrorum
1093 820 1186 868 cap.
1210 818 1254 865 9.
1293 803 1507 870 Philippus
1528 806 1706 850 Natolus
1726 806 1773 851 in
1793 801 1923 851 sacris
1954 802 2114 850 ritibus
2134 819 2160 848 a
2252 821 2255 823 “

212 873 464 923 celebrante
484 876 530 920 in
554 869 684 920 >sacris
704 870 1018 925 funffionibus
1047 887 1092 919 et
1121 890 1143 918 a
1166 870 1561 920 concionatoribus
1574 871 1631 919 'in
1662 869 2007 920 sermocinando
2035 887 2160 936 pera·

213 943 386 1005 gendis.
405 943 617 989 Panormi
643 950 794 1002 1641,
815 947 857 996 8.
897 942 1101 987 Frideric.
1130 942 1415 986 Borromaeus
1445 938 1546 986 libr.
1574 957 1613 998 3.
1645 940 1701 986 de
1731 942 2030 988 concionante
2049 939 2161 1002 Epi·

213 1010 366 1074 scopO,
386 1009 638 1057 Mediolani
655 1025 672 1056 1
687 1019 799 1068 632,
816 1005 897 1058 fol.
911 1023 954 1055 et
966 1007 1066 1055 libr.
1083 1022 1123 1066 ς.
1148 1004 1351 1055 ἀεί’πεῐίε
1373 1004 1441 1053 sui
1462 1008 1684 1071 temporis
1697 1007 1964 1054 oratoribus.
1983 1007 2041 1053 ib.
2056 1005 2160 1057 eod.

213 1084 373 1128 Petrus
395 1081 585 1141 Roqm'us
607 1078 654 1124 in
677 1075 851 1141 pastore
872 1076 1147 1137 euangelico,
1168 1074 1326 1136 gallice
1346 1075 1482 1128 edito,
1505 1073 1691 1121 Basileae
1711 1089 1911 1138 1723,4.
1933 1090 2060 1139 parte
2070 1075 2160 1137 pri*

215 1164 302 1201 ma,
321 1147 402 1192 vbi
425 1145 609 1193 historia
627 1160 668 1191 et
691 1140 872 1190 censura
893 1144 1169 1190 concionum
1198 1142 1471 1187 iudaicarum
1494 1156 1538 1188 et
1559 1141 1916 1193 christianarum.
1971 1143 2160 1204 Bingha·

216 1232 317 1263 mus
338 1216 467 1276 Orig.
489 1210 715 1260 ecclesiast.
744 1210 823 1259 lib.
858 1223 935 1276 14.
968 1227 1003 1257 c.
1026 1226 1072 1273 4.
1106 1209 1249 1256 Mich.
1274 1208 1419 1256 Gottl.
1441 1207 1697 1256 Hanschius
1726 1214 1773 1259 in
1802 1216 1886 1259 bet>
1906 1209 2162 1272 ubbimtmg

212 1288 287 1332 bet
308 1283 545 1342 ‘Dtebsgten
566 1284 625 1329 im
647 1281 777 1341 ersten
790 1278 1127 1342 OEbtifseutbum.
1146 1274 1355 1324 Franeof.
1374 1295 1390 1323 1
1403 1290 1516 1337 725,
1531 1285 1575 1333 8.
1613 1279 1864 1339 Imaginem
1887 1279 2052 1324 veteris
2063 1274 2160 1338 sug—

216 1349 325 1413 gesti
347 1348 436 1395 fiue
456 1347 662 1395 ambonis
690 1346 875 1393 exhibet
906 1346 1092 1393 Carolus
1126 1342 1381 1392 dit-Fresne
1412 1346 1458 1391 in
1489 1344 1890 1411 Constantinopoli
1916 1343 2162 1392 Christiana

213 1419 292 1470 lib,
319 1433 360 1479 3.
404 1434 503 1483 pag.
534 1423 612 1475 69.
662 1414 742 1461 vbi
778 1415 834 1461 de
869 1413 1076 1461 ambonis
1112 1412 1346 1475 gradibus:
1391 1412 1525 1460 habet
1557 1415 1683 1461 enim
1725 1425 1895 1461 nomen
1929 1431 1952 1460 a
1986 1416 2162 1460 Graeco
2244 1463 2252 1471 ‚

214 1485 507 1545 ἐπιβαίνειν,
542 1501 637 1531 non
671 1483 724 1530 ab
758 1482 1024 1536 ambiendo,
1052 1482 1160 1529 vide
1190 1480 1416 1530 Valesium
1448 1481 1503 1529 ad
1529 1485 1708 1530 Sozom.
1721 1485 1797 1536 IX,
1825 1498 1870 1530 2.
1907 1497 2163 1546 quanquam

217 1557 493 1622 plerumque
512 1569 599 1618 pro
622 1551 835 1615 gradibus
853 1552 999 1598 altaris
1020 1552 1152 1612 (non
1176 1551 1222 1596 in
1250 1549 1478 1613 ambone)
1500 1547 1702 1598 sedentes
1727 1551 1992 1599 concionari
2010 1546 2166 1595 solitos

215 1639 393 1672 veteres
414 1619 618 1668 obseruat
637 1621 759 1668 idem
782 1616 979 1667 Valesius
1008 1619 1060 1665 ad
1079 1619 1271 1665 Socratis
1291 1621 1370 1672 VI,
1396 1632 1437 1676 ς.
1470 1634 1513 1675 et
1541 1618 1811 1666 Sirmondus
1840 1618 1895 1664 ad
1922 1617 2165 1664 Sidonium

215 1709 263 1758 p.
277 1705 392 1753 252.
410 1689 490 1737 vbi
510 1705 553 1736 et
566 1689 622 1735 de
641 1705 696 1735 eo
718 1687 844 1753 quod
863 1686 976 1734 stans
995 1687 1267 1750 plerumque
1292 1683 1603 1733 auscultauerit
1621 1687 1833 1748 populus,
1856 1686 2016 1728 licetin
2037 1680 2162 1727 insit·-

217 1762 420 1806 miorum
442 1754 805 1819 gratiamsedilia
827 1758 958 1803 etiarn
980 1752 1174 1801 subieRa
1185 1752 1366 1800 testetur
1379 1751 1651 1812 Augustinus
1671 1767 1764 1814 cap.
1786 1765 1858 1810 13.
1872 1749 1927 1796 de
1950 1750 2161 1798 catechiz⁴

218 1826 420 1874 rudibus.
486 1829 555 1871 De
578 1825 799 1872 cathedris
818 1821 1151 1889 Episcoporum
1175 1836 1218 1867 et
1232 1818 1611 1882 ⁴Presbyterorum
1623 1816 1923 1865 consulendus
1935 1820 2050 1864 Sam.
2063 1821 2161 1864 Bas·

218 1912 334 1957 nage
356 1893 410 1940 ad
430 1896 591 1943 Baton.
611 1896 672 1941 T.
692 1911 734 1941 1.
753 1905 856 1956 pag.
873 1904 931 1956 53
947 1909 966 1951 ς
982 1888 1046 1954 sq.
1081 1888 1327 1936 Menardus
1348 1903 1446 1951 pag.
1474 1893 1552 1945 85,
1574 1903 1650 1946 94.
1681 1885 1736 1932 ad
1759 1886 2161 1940 Sacramentarium

218 1961 438 2024 Gregorii
458 1962 523 2006 M.
563 1960 686 2010 Ioan.
713 1960 852 2006 Andr.
865 1958 1092 2006 Schmidii
1118 1954 1364 2020 disquisitio
1377 1954 1433 2001 d'e
1447 1954 1668 2001 cathedris
1681 1949 1923 2000 dogiorum
1940 1967 2162 2001 veterum.

219 2034 354 2078 Ienae
371 2046 388 2074 11
399 2035 511 2088 687,
530 2025 693 2074 Christ.
717 2028 887 2073 Sahmii
900 2024 1140 2079 dissertatio
1155 2025 1209 2070 de
1223 2022 1442 2070 cathedris
1455 2021 2004 2088 Apostolorum‚Regiom.
2018 2030 2161 2080 1701.

220 2114 267 2146 et
289 2094 685 2156 Chr5³Weidlingii
708 2092 817 2157 disp.
843 2094 898 2139 de
919 2090 1188 2139 umbonibus
1201 2107 1298 2140 vet.
1323 2089 1546 2137 Ecclesiae.
1565 2088 1736 2154 Lipsiae
1754 2097 1892 2148 1687.
1929 2089 2161 2152 Pulpitum

221 2161 584 2215 lef’coris'videsis
604 2160 860 2226 expressum
885 2163 1015 2208 icone
1036 2162 1081 2207 in
1102 2156 1421 2206 Montfauconi
1442 2159 1585 2205 diario
1610 2159 1762 2204 Italico
1783 2174 1827 2223 p.
1847 2171 1950 2217 134.
1986 2158 2160 2203 Huius-

222 2234 353 2284 modi
372 2232 605 2297 pulpitum
627 2231 839 2294 portatile
858 2231 1012 2275 vocari
1032 2226 1230 2293 suspicor
1251 2230 1490 2292 tripodium·
1505 2228 1552 2273 in
1573 2228 1758 2290 antiquo
1783 2224 2062 2288 ritualiapud
2074 2224 2161 2271 Ed-

220 2301 448 2353 mundum
470 2302 677 2346 Martene
699 2297 775 2346 lib.
806 2313 842 2346 1.
864 2297 920 2344 de
935 2298 1130 2361 antiquis
1151 2295 1364 2343 Ecclesiae
1384 2294 1544 2341 ritibus
1564 2311 1609 2360 p.
1636 2307 1746 2356 372.
1807 2296 1924 2339 Tres
1944 2291 2161 2340 ambones

222 2375 273 2421 in
293 2386 386 2417 vno
407 2366 583 2432 templo
605 2369 814 2412 Romano
837 2369 877 2416 S.
901 2366 1160 2419 Clementis,
1183 2365 1391 2411 omnium
1417 2365 1554 2413 totius
1567 2361 1704 2410 Vrbis
1715 2357 2033 2424 antiquissimQ
2046 2360 2160 2406 duos

224 2443 273 2488 in
293 2436 498 2486 cancellis
517 2435 699 2490 ὀρχη-ῖς,
719 2451 862 2480 vnum
877 2430 1048 2480 scilicet
1065 2428 1151 2498 pro
1169 2431 1366 2498 Epistola
1389 2431 1578 2494 legenda
1598 2427 1752 2477 versus
1783 2429 1938 2483 altare5
1969 2427 2160 2475 alterum

224 2525 311 2574 pto
333 2505 534 2567 legendis
556 2504 795 2568 Prophetis
815 2499 969 2549 versus
1001 2502 1252 2567 populum:
1280 2502 1465 2548 tertium
1493 2502 1541 2546 in
1571 2496 1749 2544 sinistris
1773 2496 1923 2560 paullo
1954 2495 2162 2542 altiorem

226 2591 272 2623 et
297 2574 629 2620 exornatiorem
649 2587 735 2635 pro
752 2570 1006 2633 Evangelio
1027 2568 1195 2617 exstare
1212 2566 1352 2616 refert
1367 2568 1485 2615 idern
1498 2573 1665 2632 pag.36
1673 2575 1714 2623 8.
1751 2565 2068 2626 Plerarumque
2080 2563 2165 2610 ho·

228 2642 473 2694 miliarum,
492 2656 603 2700 quae
616 2637 871 2686 austoribus
881 2635 1037 2704 priscis
1047 2635 1264 2685 Ecclesiae
1284 2634 1547 2684 dostoribus
1568 2634 1706 2681 hodie
1717 2629 1901 2685 exstant,
1921 2631 2162 2678 elenchum

232 2711 353 2759 dedit
372 2703 643 2754 Caelestinus
672 2710 891 2757 :ti-Monte
923 2703 1167 2757 Marsanno
1189 2707 1235 2755 in
1264 2705 1388 2754 claue
1422 2702 1638 2752 Dauidica
1668 2698 1877 2762 Lugdun.
1902 2703 2053 2760 1659,
2077 2695 2163 2747 fol.

2012 2770 2162 2830 Qam
