2263 3027
567 104 569 109 ·
622 101 1116 155 GEOGRAPHI
1186 103 1505 156 ARABEs.
1922 119 2015 174 139

98 229 153 278 de
176 224 313 278 Orbis
334 227 652 294 descriptione,
689 223 813 274 Afiae
841 225 1081 291 praecipue
1107 241 1149 273 et
1178 224 1357 275 Africae
1387 229 1691 293 promeritum
1723 244 1877 286 vocat,
1914 232 2016 283 sub-

96 301 285 359 iungens
307 297 515 345 Arabiam
536 297 583 341 in
603 295 766 358 primis
786 292 839 340 ab
862 310 914 340 eo
938 295 995 340 ita
1023 291 1234 347 describi,
1270 294 1321 348 v‘t
1341 296 1457 342 nihil
1488 313 1677 360 vsquam
1697 301 1938 348 accuratius
1967 301 2018 349 fit

97 367 320 429 reperire:
359 383 412 411 ex
445 362 688 425 Europaeis
716 376 863 408 autem
891 360 1153 422 regionibus
1185 361 1513 424 diligentiffime
1540 368 1710 429 exponi
1737 365 2018 432 Hispaniam,

24 461 26 463 -
96 448 229 494 quam
251 430 387 478 solam
407 426 595 476 lustrasse
613 426 656 474 se
675 443 824 475 narret
858 445 902 492 p.
932 435 1036 491 148.
1057 429 1160 475 edit.
1181 429 1351 478 latinae.
1440 431 1565 478 Idem
1586 432 1762 480 Voffius
1782 452 1882 499 pag.
1904 450 2017 496 250.

94 497 373 546 mentionem
392 495 496 543 facit
515 499 655 542 Horti
678 495 964 563 Geographici,
987 494 1039 542 ab
1061 492 1310 559 Anonymo
1332 493 1520 546 Arabice
1540 496 1706 565 scripti,
1727 516 1770 548 et
1788 519 1811 548 a
1827 506 2017 551 Bernar-

93 568 189 613 diuo
209 567 335 612 Baldo
354 565 510 611 Latine
529 561 658 619 ver-fi,
694 560 1011 626 sedsnondum‚
1034 563 1156 627 quod
1175 560 1321 616 sciam,
1353 565 1480 614 editi:
1516 582 1612 615 tum
1642 570 1794 632 operis
1821 573 2016 633 Geogra-

93 634 217 697 phici
236 630 432 693 insignis,
469 630 592 694 quod
613 635 664 677 A.
688 634 748 677 H.
768 644 832 692 72
847 647 882 680 ῐ.
905 634 1016 677 A.C.
1045 646 1135 692 132
1149 646 1184 678 r.
1206 629 1459 694 composuit
1480 634 1748 695 [finaelAbu'l
1762 638 2015 691 Feda,Prin-

94 717 195 763 ceps
215 696 561 750 Hamatensisin
585 701 736 761 Syria,
778 707 850 753 28.
873 697 1045 751 tabulis,
1069 697 1230 761 quibus
1253 697 1483 746 illustratio
1506 701 1649 748 addita
1671 701 1743 756 est,
1765 704 2014 769 compositi,

92 770 213 812 cuius
234 767 382 830 operis
404 781 492 811 tres
519 780 692 812 tantum
714 764 886 812 tabulae
905 767 1026 828 typis
1055 763 1155 811 sunt
1175 763 1374 811 excusae:
1410 769 1606 830 primam
1637 769 1845 817 Arabiam
1866 771 2015 819 {isten-

89 850 192 885 tem,
234 850 334 880 cum
355 831 556 879 verfione
577 833 708 878 latina
720 834 899 879 Ioannis
911 834 1069 894 Grauii
1092 830 1371 878 inserendam
1395 836 1565 881 curauit
1578 839 1732 883 Tomo
1754 840 1887 884 tertio
1907 856 2014 902 geo-

89 901 368 964 graphorum
388 901 622 945 minorum
645 903 816 947 loannes
841 898 1063 960 Hudsonus
1076 917 1090 954 ;
1125 899 1318 945 tabulam
1349 900 1604 948 vicesimam
1635 905 1833 966 quintam
1860 922 1901 952 et
1922 905 2014 953 sex-

87 983 190 1020 tam,
212 965 495 1013 Chorasmiae
515 982 557 1012 et
578 967 961 1015 Mawazalnahrae
976 964 1323 1030 descriptionem
1343 967 1718 1032 complePcentem
1736 971 1879 1018 edidit
1890 977 2014 1021 Ioan-
2040 981 2044 984 “

87 1052 164 1081 nes
185 1037 376 1081 Grauius
396 1035 449 1080 ad
471 1034 634 1080 calcem
657 1037 930 1099 epocharum
955 1033 1255 1080 celebriorum
1279 1035 1609 1098 VlugiBeighi,
1638 1036 1834 1099 recusam
1859 1058 1882 1086 a
1901 1044 2015 1090 Ioan.

87 1102 282 1162 Hudsono
301 1102 536 1148 volumine
559 1103 714 1148 itidem
745 1103 878 1149 tertio
909 1102 1277 1165 geographorum
1310 1104 1556 1150 minorum.
1655 1109 1867 1153 Ceterum
1884 1110 2016 1172 plura

88 1169 280 1215 eundem
302 1171 520 1216 Granium
543 1171 590 1216 in
615 1168 784 1217 affeffis
817 1167 1036 1222 habuisse,
1073 1172 1119 1214 in
1143 1168 1304 1232 quibus
1325 1167 1463 1216 fuerit
1481 1168 1706 1226 Abulfeda
1725 1174 1912 1236 integer,
1938 1177 2015 1222 do-

89 1250 190 1282 cent
209 1234 316 1282 Asia
337 1237 563 1283 Eruditor.
584 1243 636 1283 A.
661 1252 795 1298 1700.
830 1255 873 1301 p.
892 1252 914 1294 5
931 1255 943 1285 x
959 1244 999 1291 8.
1019 1234 1081 1299 sq.
1153 1238 1278 1298 Mosts
1298 1237 1558 1299 Chorenensts
1577 1241 1790 1304 Epitome
1812 1245 2016 1305 Geogra-

87 1303 234 1366 phiae,
249 1306 512 1348 Armeniace
525 1306 739 1356 etLatine,
754 1306 978 1350 cumnotis
990 1305 1097 1359 Guil.
1111 1319 1152 1349 et
1163 1307 1347 1368 Georgii,
1363 1307 1469 1350 Guil.
1483 1306 1670 1369 llshzstoni
1681 1306 1813 1355 filior.
1825 1312 2012 1376 prodiit,

87 1369 294 1414 Londini
322 1378 457 1427 1736,
489 1384 533 1428 4.
604 1373 721 1414 Bene
740 1373 795 1416 D.
817 1368 1061 1414 Abraamus
1089 1370 1456 1419 Hinkelmannus
1486 1375 1506 1421 ὁ
1536 1379 1804 1438 ,μακαρίτης
1823 1379 1869 1423 in
1890 1395 2023 1442 prae,

88 1431 162 1480 fat.
183 1435 235 1480 ad
258 1435 530 1480 Alcoranum
544 1468 570 1487 „
589 1434 633 1480 k.
655 1448 696 1482 2.
762 1438 904 1496 Qum
929 1451 1033 1480 vcro
1052 1436 1108 1479 ad
1123 1437 1350 1496 utramque
1370 1436 1581 1496 historiam
1614 1444 1923 1491 GEOGRAPHIA
1947 1450 2012 1492 ita

87 1499 396 1563 neceſjariaſst,
434 1514 486 1547 vt
495 1502 583 1561 fine
606 1518 653 1546 ea
683 1501 898 1562 historicus
921 1519 970 1547 ne
991 1502 1167 1562 intelligi
1185 1504 1350 1563 quidem
1366 1503 1487 1566 possit
1495 1521 1510 1558 ,·
1545 1511 1733 1552 maxima
1754 1514 1804 1556 'in
1821 1509 1895 1556 hoc
1913 1528 2013 1574 qno-

87 1585 167 1631 que
176 1568 314 1628 studio
336 1569 579 1613 adiumenta
599 1580 641 1613 et
659 1569 794 1613 lumen
815 1573 860 1615 in
870 1568 1077 1633 posterum
1095 1566 1311 1627 Aiabzfhzo
1332 1567 1573 1620 debebimus.
1680 1578 1822 1637 Neque
1853 1582 1898 1624 in
1924 1580 2012 1626 vlla

83 1646 211 1701 parte
243 1636 495 1680 cruditionis
528 1652 581 1679 ex
609 1639 856 1699 ignorantia
885 1650 1045 1681 vocum-
1065 1646 1108 1679 et
1139 1651 1290 1680 rerum
1323 1639 1593 1683 orientalium
1609 1639 1776 1701 foedius
1793 1656 2012 1707 peccatum

32 1709 38 1715 ¹
85 1702 401 1765 vnquamfuit,
431 1718 557 1764 quam
577 1707 622 1749 in
642 1702 730 1750 hac.
800 1704 885 1747 Hic
901 1714 1082 1747 montem
1105 1704 1146 1748 G
1152 1699 1262 1754 chel,
1302 1701 1507 1762 desirium
1526 1703 1675 1761 Barka,
1713 1723 1755 1754 et
1776 1710 1845 1756 his
1854 1713 2012 1772 similia

87 1771 234 1815 audias
251 1802 262 1822 ,
305 1785 433 1831 quum
465 1786 582 1815 voces
613 1769 717 1835 ipsae
748 1768 947 1817 arabicae
966 1781 1145 1817 montem
1167 1781 1208 1814 et
1224 1769 1709 1837 *ak’sertumrexprimanu
1796 1779 1880 1823 Hic
1896 1778 2011 1839 stim-

84 1854 155 1882 ma
175 1853 265 1881 cum
287 1841 382 1882 imis
402 1836 562 1899 confusa
584 1849 626 1881 et
649 1838 897 1901 transposita
918 1839 1258 1891 animaduertas,
1293 1854 1422 1898 quum
1452 1842 1509 1884 ad
1527 1857 1633 1887 vera
1653 1843 1823 1890 climata
1850 1859 1891 1891 et
1903 1863 2010 1911 gra·

84 1907 162 1950 dus
187 1909 324 1949 omnia
351 1909 649 1950 reuocaucrint
669 1903 842 1952 Arabes.
912 1907 1080 1950 Nemini
1103 1921 1174 1969 ego
1189 1902 1319 1963 fidem
1338 1917 1598 1968 extorquere
1618 1916 1824 1960 annitor:
1858 1916 1904 1959 id
1922 1928 2010 1960 cer.

85 1983 129 2017 te
141 1976 268 2025 -noui,
303 1972 428 2016 aliam
447 1969 516 2033 effe
544 1973 659 2032 Asiae
678 1984 719 2016 et
750 1973 921 2034 Africae
933 1973 1111 2034 faciem,
1147 1988 1274 2034 quam
1294 1977 1339 2020 in
1360 1972 1544 2021 omnibus
1561 1977 1694 2033 adhuc
1723 1980 1886 2026 chartis
1906 1981 2010 2029 Geo.

79 2037 296 2103 graphicis
317 2036 431 2083 nohis
451 2041 704 2103 depingitur.
773 2039 951 2099 Poffideo
972 2038 1276 2085 Institutiones
1288 2038 1621 2089 Astronomicas
1632 2043 1733 2091 Abu
1746 2045 1872 2093 Istrak
1884 2047 2007 2096 lbra,

5 2156 7 2162 ¹
77 2106 183 2151 <him
208 2102 292 2148 Ibn
316 2105 455 2156 iahia,
491 2104 640 2166 quibus
670 2111 716 2151 in
729 2104 815 2164 fine
833 2106 1129 2167 adieb‘baesimt
1146 2106 1348 2154 Tabulae
1374 2109 1671 2170 longitudinis
1700 2128 1743 2159 et
1761 2114 2007 2173 latitudinis

84 2175 317 2218 Locorum
341 2169 564 2216 nobilium
586 2173 797 2231 orientis,
832 2191 885 2220 ex
905 2172 1054 2236 quibus
1079 2192 1254 2220 error-es
1276 2177 1618 2242 quamplurimos
1640 2182 1853 2246 detegere,
1872 2188 2006 2228 cuiuis

87 2239 435 2300 dcfiderantistne
452 2244 612 2302 negotio
628 2239 790 2303 poſjum.
897 2244 1038 2304 Atque
1058 2248 1227 2289 vtinam
1247 2248 1459 2307 integrum
1479 2246 1582 2292 illud
1610 2250 1822 2315 Principis
1841 2243 2006 2295 Hamae

86 2305 223 2352 Abu'l
243 2305 361 2351 Feda
393 2320 489 2370 opus
520 2305 852 2372 Geographicum
879 2310 1102 2372 aliquando
1131 2325 1223 2357 cum
1253 2312 1423 2377 Europa
1450 2320 1855 2370 communicaretur,
1888 2321 2006 2368 cuius
2038 2359 2049 2364 a

83 2385 260 2438 praeter
272 2387 411 2438 pauca
433 2389 458 2417 a
480 2372 728 2419 Schickardo
750 2388 791 2420 et
811 2376 904 2421 aliis
938 2381 1096 2436 citata,
1132 2389 1183 2423 vt
1210 2390 1253 2423 et
1266 2391 1437 2445 partem
1462 2386 1656 2446 exiguam
1685 2399 1710 2428 a
1733 2383 1902 2446 Grauio
1921 2385 2006 2432 edi-

86 2451 195 2495 tam,
224 2440 330 2488 nihil
353 2440 489 2486 adhuc
517 2442 709 2491 vidimus,
776 2445 902 2488 Forte
918 2445 1033 2492 nihil
1042 2457 1275 2511 praeterea
1305 2447 1641 2508 dcss'deraremus.
1670 2498 1675 2502 ,
1713 2451 1892 2496 Interim
1920 2467 2003 2497 mo-

85 2522 185 2554 nere
207 2522 280 2572 pos
298 2504 455 2573 poffiznt
476 2508 761 2570 Geographia
779 2508 1045 2567 Nubstnfis,
1081 2524 1122 2557 et
1142 2528 1249 2574 quae
1267 2515 1324 2556 ad
1332 2510 1636 2573 ‚Alferganum
1659 2517 1802 2562 Golius
1827 2530 2000 2566 annota-

87 2577 166 2625 uit,
192 2587 409 2635 ,quantum
429 2574 561 2620 adhuc
581 2576 848 2620 emendadum
870 2577 986 2624 nobis
1006 2579 1146 2640 restet.'
1211 2579 1329 2641 Qid
1345 2579 1396 2639 cst
1413 2591 1552 2625 autem
1563 2582 1840 2633 tantas,orbis
1847 2598 1999 2650 partes

87 2643 286 2703 ignorare
305 2658 431 2704 quam
451 2648 495 2688 in
515 2647 720 2687 communi
726 2647 878 2707 patria
906 2657 1108 2707 tanquam
1130 2650 1173 2692 in
1192 2644 1464 2709 ignotasylua
1487 2652 1661 2701 viuere?
1723 2654 1842 2717 Qid
1858 2652 1907 2717 est
1927 2653 2000 2704 hu·

88 2710 272 2767 manius,
305 2725 431 2774 quam
450 2707 659 2759 librorum
679 2723 748 2777 ope
765 2707 1023 2774 nobilffrrtas
1047 2718 1235 2779 regiones
1248 2718 1512 2779 peragrari?
1881 2724 1886 2728 ’

907 2807 911 2810 ·
1127 2784 1202 2830 Aa
1232 2794 1261 2845 3
