2263 3027
203 138 299 196 956
648 129 799 181 CAP.
837 127 967 178 xxt.
1036 127 1326 189 STVDIA,
1360 106 1696 183 scium'io.

198 256 447 304 academica
471 268 515 319 p.
544 269 616 310 5⁹1.
640 254 718 317 qui
737 252 845 300 ibid.
867 270 909 318 p.
927 256 1032 302 161.
1054 249 1146 316 sqq.
1169 253 1300 301 etiam
1323 255 1378 302 de
1400 253 1741 302 amoenitatibus
1763 252 1986 303 historicis
2006 273 2060 304 ex
2077 260 2146 307 Ci-

198 325 375 372 ceronis
404 322 767 386 peregrinatione
796 319 992 368 collefi‘cis
1022 319 1199 371 disserit.
1267 325 1336 369 De
1361 325 1531 369 ratione
1544 322 1862 369 Romanorum*
1880 324 2044 370 litteras
2064 326 2149 371 do-

199 392 329 439 cendi
351 389 484 436 exstat
508 391 650 435 oratio
680 392 850 450 Georg.
872 390 1024 452 Steph.
1048 385 1273 437 Wiesandi
1302 393 1430 451 lenae
1463 406 1599 451 1755·
1673 394 1742 436 De
1771 388 1999 437 secessibus
2031 407 2150 438 vete-

198 477 298 505 rum
324 460 596 503 Reimannus
618 453 837 519 systemat.
860 456 1062 520 antiquit.
1085 456 1216 504 litter.
1235 473 1281 520 p.
1301 464 1405 505 106.
1431 473 1472 504 et
1492 461 1602 520 496.
1637 457 1717 504 vbi
1741 457 1797 504 de
1831 455 2059 505 secessibus
2080 459 2149 505 lit-

198 528 347 574 teratis
373 525 626 577 Ciceronis,
665 526 957 578 Maecenatis,
997 524 1179 579 Catulli,
1218 525 1426 586 Virgilii,
1462 527 1643 571 Horatii
1667 541 1752 572 etc.
1776 542 1829 571 ex
1854 526 2152 572 KircheriLa-

198 596 274 639 tio.
313 597 482 654 Georg.
497 594 717 639 Greenius
741 592 795 637 de
817 590 1098 638 rusticatione
1117 606 1323 638 veterum
1346 595 1654 639 Romanorum
1669 630 1680 650 ,
1717 592 1888 656 Lipsiae
1918 601 2056 654 1677.
2078 606 2150 644 12.

199 678 239 708 et
263 677 388 706 tomo
418 677 453 706 1.
479 657 666 705 thesauri
690 659 980 720 Sallengriani
1010 677 1052 723 p,
1078 668 1187 717 690.
1213 656 1273 722 sq.
1305 673 1347 705 et
1371 658 1630 724 Christoph.
1655 658 1850 707 Godofr.
1875 661 2076 717 Barthius
2101 661 2149 707 in

200 727 361 774 diil'ert.
385 728 439 773 de
461 724 687 774 secessibus
708 743 915 773 veterum
936 726 988 772 ad
1013 742 1210 773 mentem
1237 723 1588 790 sententiamque
1608 730 1656 775 C.
1673 728 1806 774 Plinii
1829 727 2032 785 Secundi,
2057 731 2152 774 Ha·
2202 763 2211 774 .

199 797 266 842 lae
296 811 432 856 1701.
505 798 572 840 De
609 811 737 841 more
766 810 972 841 veterum
1009 793 1152 842 studio
1187 795 1437 840 litterarum
1465 795 1680 856 iungendi
1715 811 1852 841 artem
1877 810 2044 842 mutam
2079 794 2153 842 vel

201 861 434 928 opificium
463 863 565 908 vide
585 861 824 908 Christiani
848 863 1082 908 Wilhelmi
1105 858 1261 924 Lyseri
1286 859 1657 916 dissertationem,
1684 862 1846 909 Witeb.
1868 867 2009 921 1696.
2030 864 2075 925 4.

345 934 394 976 Χ.
430 934 500 976 De
522 932 670 993 prima
693 927 917 976 scribendi
937 929 1115 990 origine
1136 944 1177 975 et
1209 930 1337 974 omni
1363 931 1623 992 antiquitate
1654 930 1865 977 litteraria
1898 947 1991 977 non
2017 928 2154 976 inele-

201 1015 308 1060 gans
339 995 543 1043 ηπίξεως
569 999 721 1043 Herm.
745 1000 957 1060 Hugonis,
987 993 1197 1053 Iesuitae,
1218 997 1363 1041 lucem
1385 990 1501 1041 vidit
1522 1002 1752 1061 Antwerp.
1784 1005 1922 1058 1617.
1950 1006 1989 1053 8.
2016 1013 2154 1061 quem

201 1065 510 1112 recudendum
535 1066 729 1120 curauit,
760 1065 998 1126 eidemque
1021 1078 1168 1118 notas,
1207 1060 1475 1127 opusculum
1499 1063 1551 1109 de
1571 1061 1748 1117 scribis,
1781 1066 2035 1128 apologiam
2066 1079 2150 1128 pro

202 1133 511 1185 Waechtlero,
549 1128 876 1195 praefationem
901 1147 944 1176 et
965 1130 1133 1195 indices
1153 1129 1311 1176 adiecit
1335 1129 1494 1176 Christ.
1520 1134 1662 1177 Henr.
1683 1135 1842 1177 Trotz.
1878 1129 2077 1178 Traieffl
2101 1131 2155 1177 ad
2191 1127 2194 1131 ⁴

199 1202 345 1247 Rhen.
374 1208 511 1261 1738.
530 1206 571 1252 8.
615 1200 807 1259 Hugoni
829 1200 1038 1259 iungatur
1060 1201 1114 1245 Io.
1141 1201 1231 1244 Nic.
1255 1199 1454 1252 Funccii‚
1491 1201 1545 1249 V.
1563 1202 1609 1245 C.
1633 1200 1953 1245 commentatio
1979 1199 2032 1245 de
2055 1195 2157 1244 scri·

199 1284 331 1333 ptura
352 1267 579 1319 veterum,
616 1268 854 1329 Marpurgi
877 1281 918 1312 et
931 1266 1118 1312 Rintelii
1139 1281 1270 1326 1743.
1286 1274 1327 1321 8.
1398 1269 1555 1313 Petrus
1574 1268 1766 1312 Holmius
1787 1268 1833 1312 in
1853 1282 2048 1313 accurata
2070 1266 2155 1312 dis·

202 1333 438 1399 quisitione
456 1333 509 1379 de
523 1330 741 1398 scriptura
761 1349 802 1380 et
822 1335 957 1380 variis
978 1332 1226 1381 rationibus
1247 1329 1335 1381 siue
1358 1333 1411 1379 ad
1425 1334 1626 1380 dextram
1648 1333 1735 1380 fiue
1761 1333 1814 1380 ad
1835 1332 2049 1380 sinistram
2067 1331 2156 1380 siue

2244 95 2263 182 ἐ

232 1401 392 1467 esuper
420 1402 493 1448 vel
529 1418 801 1465 quocunque
824 1401 910 1448 alio
934 1401 1073 1448 modo
1095 1398 1340 1455 scribendi,
1360 1401 1582 1466 publicata
1607 1402 1754 1451 Lund.
1781 1401 1936 1450 Scand.
1957 1408 2095 1459 1670.
2111 1408 2155 1456 8.

202 1486 245 1518 et
278 1467 424 1518 recusa
455 1472 502 1515 in
528 1467 749 1517 Analefi'tis
772 1469 1064 1531 Philologicis
1087 1470 1209 1516 Tho.
1232 1471 1386 1516 Crenii
1415 1486 1516 1517 cura
1543 1470 1671 1516 editis
1700 1472 1747 1516 in
1767 1469 1920 1532 Belgio
1946 1472 2085 1528 1699.
2111 1474 2155 1522 8.

201 1537 389 1599 Balthaf
409 1539 794 1594 Frid.Salzmanni,
830 1535 1229 1599 Argentoratensis‚
1259 1535 1580 1584 dissertationes
1603 1539 1801 1601 quinque
1823 1554 1924 1584 cum
1950 1553 2053 1584 cura
2072 1535 2155 1593 ela·

203 1607 406 1658 boratae,
443 1622 632 1669 quarum
653 1607 799 1670 prima
818 1605 964 1652 lucem
986 1605 1101 1651 vidit
1123 1603 1294 1669 Lipsiae
1320 1611 1519 1669 1667.4.
1556 1608 1709 1668 quinta
1739 1606 1791 1651 de
1822 1602 2066 1669 scriptione
2087 1604 2155 1649 Si-

203 1672 407 1721 nensium
431 1672 538 1719 ibid.
577 1683 716 1733 1670.
761 1673 981 1720 Michaelis
1022 1673 1223 1720 Waltheri
1254 1674 1397 1719 oratio
1429 1673 1483 1720 de
1521 1688 1614 1720 arte
1642 1670 1876 1737 scriptoria
1907 1673 1959 1719 ad
1988 1671 2152 1717 calcem

205 1742 298 1787 eius
321 1739 482 1787 dissert.
509 1742 562 1787 de
582 1743 754 1787 animae
775 1741 1132 1797 immortalitate,
1169 1740 1333 1788 Witeb.
1363 1750 1500 1802 1657.
1513 1757 1559 1803 4.
1596 1736 2064 1805 florianiKlepperbein
2085 1737 2152 1783 hi·

205 1807 338 1855 storia
361 1809 463 1854 artis
482 1806 765 1871 scriptoriae,
805 1808 969 1856 Witeb.
995 1813 1139 1869 1683.
1173 1808 1399 1870 Sebastiam
1418 1810 1573 1854 Franci
1594 1806 1832 1855 dissertatio
1852 1803 2078 1868 epistolica
2099 1802 2153 1850 ad

208 1877 472 1922 Seuerinum
498 1877 741 1922 Pedanium
765 1878 819 1922 de
840 1876 913 1922 illa
934 1874 1118 1922 historia
1149 1881 1288 1935 1683.
1346 1878 1459 1922 Ioan.
1489 1875 1662 1938 Adolphr'
1690 1877 1804 1918 Luut
1833 1869 2154 1918 dissertationes

206 1943 336 1988 binae
358 1943 412 1987 de
434 1943 800 2006 palaeographia‚
823 1959 1011 2004 quarum
1035 1944 1165 2006 prior
1183 1940 1381 1988 Praeside
1393 1943 1497 1988 Nic.
1519 1938 1675 1992 Celsio,
1694 1938 1882 1986 secunda
1896 1938 2155 1985 Fab.Toer'-

207 2027 319 2057 nero
341 2009 489 2055 habita
510 2009 594 2066 el't,
632 2007 835 2073 Vpsaliae
865 2022 1001 2068 1724.
1021 2024 1063 2055 et
1090 2024 1228 2068 1725·
1252 2016 1296 2062 8.
1341 2012 1492 2072 Georg.
1526 2007 1668 2069 Christ.
1695 2006 1948 2063 Hallbaueri
1975 2004 2156 2072 positio·
2180 2050 2183 2051 ⁷

208 2095 286 2124 nes
305 2076 360 2123 de
382 2073 618 2139 scriptura,
655 2077 748 2123 cius
770 2076 971 2138 origine,
1013 2091 1166 2121 natura
1193 2089 1235 2121 et
1257 2076 1390 2121 variis
1417 2074 1589 2131 modis,
1626 2076 1865 2139 praecipue
1885 2091 1968 2139 per
1989 2074 2154 2121 litteras
2221 2116 2226 2121 ,

2206 2202 2263 2475 l

216 2549 451 2603 damemo,
485 2552 642 2595 Tomo
674 2551 798 2594 nOno
831 2548 1152 2595 memoriarum
1181 2548 1429 2594 academiae
1461 2545 1805 2612 inscriptionum
1837 2563 1880 2610 p·
1917 2554 2028 2607 328.
2060 2542 2154 2608 sqq.
2195 2564 2198 2567 ’
2252 2548 2263 2607 J

216 2620 450 2678 Bourguett'
472 2620 644 2662 Lettres
666 2613 885 2662 curieuses
901 2614 974 2663 sur
996 2613 1217 2676 l'origine
1241 2616 1295 2661 de
1324 2616 1554 2662 l'ecriture
1578 2615 1723 2661 laudat
1747 2613 1996 2660 Leibn'itius
2023 2610 2175 2676 Epist.

219 2702 240 2729 a
262 2682 504 2729 Kortholto
530 2684 747 2730 editarum
767 2685 859 2729 vol.
900 2698 935 2730 1.
970 2700 1013 2747 p.
1046 2692 1152 2742 398.
1202 2681 1384 2729 Roberti
1410 2684 1535 2730 Mori
1554 2680 1682 2743 Effay
1705 2677 1850 2726 ofthe
1873 2677 1973 2725 first
2000 2683 2188 2736 Inve'nr
2261 2730 2263 2733 ¹

221 2752 319 2798 tion
350 2746 408 2799 of
422 2751 620 2814 Writing
651 2751 808 2799 citatur
841 2751 1076 2800 volumine
1106 2747 1301 2800 fecundo
1323 2749 1620 2801 bibliothecae
1639 2747 1904 2796 Harleianae
1925 2764 2025 2814 pag.
2047 2755 2169 2817 960{·
2211 2746 2214 2749 ’
2254 2795 2263 2803 ,

2091 2816 2158 2860 De
2237 2849 2248 2860 .‚

210 2163 264 2191 ex
289 2161 388 2191 aere
408 2141 546 2201 fusas,
581 2146 711 2189 Ienae
733 2156 867 2203 1739.
907 2145 962 2191 Io.
984 2145 1024 2189 V
1021 2143 1173 2188 dalrici
1189 2144 1512 2203 Trcss’nreuteri
1522 2158 1855 2206 programmata
1874 2144 1962 2189 duo
1975 2143 2029 2189 de
2041 2140 2153 2188 fiffis

209 2213 506 2273 argumentis,
544 2209 705 2273 quibus
727 2225 866 2255 artem
889 2207 1112 2256 scribendi
1133 2225 1234 2256 ante
1251 2210 1476 2256 diluuium
1497 2212 1724 2256 inuentam
1759 2207 1908 2266 fuisse,
1945 2209 2155 2255 nonnulli

209 2281 455 2326 voluerunt
474 2278 689 2342 probare,
724 2294 835 2341 quae
853 2275 1021 2323 exstant
1051 2295 1150 2342 pag.
1173 2291 1283 2327 211.
1317 2292 1358 2324 et
1387 2291 1495 2326 222.
1531 2278 1625 2323 eius
1658 2275 2015 2341 Opusculorum:
2051 2281 2164 2322 eius:

211 2350 303 2394 dem
325 2363 612 2411 programma
627 2361 649 2399 ,¹
676 2362 790 2408 quo,
826 2360 968 2392 artem
995 2342 1219 2392 scribendi
1240 2359 1338 2390 ante
1360 2345 1580 2391 diluuium
1602 2342 2009 2397 fuifleinuentarn,
2049 2358 2154 2406 pro-

212 2414 420 2462 babiliter
441 2412 719 2465 defenditur,
743 2411 848 2458 ibid.
862 2430 961 2476 pag.
977 2429 998 2460 2
1012 2427 1083 2474 30.
1129 2413 1288 2458 Nicolai
1308 2415 1478 2458 Frereti
1499 2409 1831 2460 obseruationes
1860 2413 1914 2459 de
1932 2412 2034 2458 artis
2053 2407 2155 2456 scri-

213 2481 351 2528 bendi
371 2483 608 2545 principiis
630 2480 1006 2542 generalioribus,
1044 2495 1086 2526 et
1105 2477 1326 2540 sigillatim
1347 2480 1401 2527 de
1421 2479 1670 2527 Sinensium
1690 2484 1793 2528 artis
1812 2477 2030 2526 scribendi
2054 2475 2156 2525 fun·
