2263 3027
684 73 1120 132 SOCIETATES
1145 77 1626 134 LITTERARIAE.
1923 90 1926 93 ’
1958 97 2052 149 943

102 204 174 251 De
196 200 346 251 schola
369 200 576 250 Remensi
596 208 696 267 pag.
714 214 832 253 210.
850 217 952 260 320.
971 205 1080 262 360.
1115 203 1371 254 Turonenfi
1396 223 1438 271 p.
1454 218 1568 268 290.
1599 201 1856 254 Carnotensi
1877 221 1922 271 p.
1943 213 2054 270 356.

103 269 409 320 Aurelianensi
429 286 472 334 pl
491 280 600 331 363.
645 272 698 316 In
719 270 916 316 concilio
939 271 1167 320 Parisiensi
1180 279 1234 322 A.
1249 277 1299 321 C.
1324 281 1435 332 829.
1466 291 1488 321 a
1511 273 1747 322 Ludouico
1767 275 1847 321 Pio
1878 289 2053 335 rogant,

102 353 155 385 vt
189 353 278 385 tres
309 335 486 384 scholae
513 336 718 402 publicae
747 338 956 384 aCarolo
980 342 1045 386 M.
1076 341 1212 388 condi
1233 357 1416 406 coeptae
1447 339 1774 389 confirmentur
1794 340 2053 398 Parisiensis,

101 404 395 455 Bononiensis
415 400 458 452 et
480 402 749 458 Ticinenfis,
786 406 845 451 id.
865 422 910 469 p.
934 422 1038 464 159.
1060 405 1121 471 sq.
1191 406 1341 456 Musei
1362 409 1485 473 quod
1509 406 1596 457 fuit
1624 412 1859 466 Troezene,
1895 411 2054 457 memi-

103 475 171 521 nit
191 471 417 520 Pausanias
435 473 483 518 in
504 472 815 520 Corinthiacis.
856 476 925 520 De
948 475 1091 534 Mufi’o
1116 476 1238 538 quod
1263 478 1373 543 Cpoli
1395 477 1598 525 condidit
1618 473 1833 523 Muselius
1864 493 2052 542 praepo·

101 539 206 588 fitus
227 539 336 588 sacri
355 538 546 590 cubiculi
576 535 656 585 sub
675 538 939 587 Theodosio
969 542 1189 590 iun.·vide
1212 546 1369 606 Cangii
1389 547 1555 592 CPolin
1580 544 1815 592 Christian.
1838 544 1916 591 lib.
1937 558 1980 593 2.
2005 562 2048 608 p.

22 625 23 630 ¹
104 615 214 671 176.
281 611 351 655 De
373 609 578 671 Oblagono
599 606 646 653 in
666 624 757 671 quo
780 608 1020 655 duodecim
1041 608 1263 658 DoEIores
1284 612 1418 658 CPoli
1438 613 1692 668 alebantur,
1727 629 1752 659 a
1769 610 2050 659 Constantini

100 679 170 724 M.
200 690 337 723 aetate
373 675 425 722 ad
446 676 656 721 'Leonem
687 672 884 723 lsaurum
919 693 1085 741 vsque,
1121 679 1199 741 qui
1229 678 1340 725 illud
1362 680 1525 728 haeresi
1547 679 1649 728 suae
1672 680 1906 727 inimicum
1929 692 2051 727 com-

99 741 253 800 buffit‚
287 742 391 790 vide
412 741 686 790 Bandurium
707 760 750 807 p.
763 750 875 804 485.
896 740 960 807 sq.
982 744 1035 791 ad
1066 747 1364 809 Antiquitates
1386 748 1516 796 CPol.
1572 747 1647 796 Ad
1676 747 1918 809 collegium
1939 749 2052 796 eius·

97 809 441 865 modisstudiis
459 809 705 856 litterarum
726 808 939 857 sacratum
960 808 1125 875 spefisat
1147 810 1382 878 Inscriptio
1405 831 1533 862 vetus
1554 832 1665 879 quae
1693 814 1829 863 exstat
1842 815 2052 865 Auentici

98 879 218 944 apud
240 877 477 926 Heluetios
506 878 556 924 in
584 874 741 925 sacello
763 881 803 925 S.
825 879 994 925 Mariae
1017 880 1328 941 Magdalenae,
1361 896 1406 929 et
1434 879 1631 930 refertur
1661 901 1685 930 a
1706 884 1874 931 Carolo
1895 884 2051 931 Patino

45 945 50 947 ’
96 949 145 993 in
171 943 471 1010 descriptione
489 946 664 993 itineris
683 943 749 992 sui
769 962 814 1010 p.
831 953 946 1006 267.
985 949 1346 995 NVMINIBVS
1382 953 1526 997 AVG.
1556 977 1568 985 ·
1598 976 1615 985 -
1637 976 1654 985 -
1674 978 1690 986 ·
1723 953 1813 998 ET
1846 953 2051 999 GENIO

97 1016 233 1061 COL.
274 1016 416 1062 HEL.
442 1043 458 1050 -
480 1039 566 1051 ··-
601 1016 902 1061 APOLLINI
935 1015 1100 1063 SACR.
1131 1018 1479 1079 QPOSTVM.
1509 1019 1796 1065 HYGINVS
1816 1020 1918 1066 ‘ET
1954 1022 2053 1068 Po-

94 1083 284 1129 STVM.
321 1083 574 1129 HERMES
611 1085 719 1128 LlB.
753 1083 1124 1129 MEDICISWET
1172 1085 1651 1132 PROFESSORIBVS.
1680 1089 1736 1132 D.
1767 1088 1808 1134 S.
1840 1090 1898 1134 D.
1978 1091 2052 1136 De

96 1149 331 1215 Nymphaeo
361 1149 486 1214 quod
516 1149 698 1212 Stagiris
721 1147 837 1209 fuit,
873 1149 1082 1196 meminit
1101 1150 1362 1197 Plutarchus
1395 1152 1443 1198 in
1478 1153 1570 1198 vita
1592 1152 1836 1202 Alexandri
1859 1171 1906 1220 p.
1935 1156 2047 1213 668.

97 1219 204 1265 edit.
225 1220 306 1264 Gr.
333 1221 425 1263 Lat.
446 1215 679 1280 Xylandri.
716 1213 926 1267 Museum
950 1231 1081 1263 vocat
1103 1217 1272 1264 Plinius
1293 1220 1412 1264 XVI.
1438 1231 1513 1278 32.
1548 1222 1617 1266 De
1628 1222 1927 1288 Gandifizpora‚
1947 1227 2050 1271 Per-

93 1281 240 1331 sarum
261 1283 489 1347 quondam
517 1283 736 1330 academia
758 1284 950 1338 medica,
972 1285 1061 1346 agit
1089 1287 1153 1330 10.
1176 1285 1582 1332 Henr.'Schulzius
1605 1290 1760 1334 Tomo
1781 1292 1902 1339 XIII.
1924 1307 2047 1340 com-

78 1353 424 1400 —mentariorum
455 1351 702 1397 academiae
733 1352 1108 1416 Petropolitanae.
1198 1355 1269 1399 De
1292 1357 1442 1419 pueris
1474 1366 1517 1399 et
1544 1355 1689 1419 puellis
1725 1359 2047 1407 alimentaribus

95 1419 435 1482 (stipendiaren)
454 1419 690 1482 Philippus
711 1418 942 1466 Rubenius
966 1423 1017 1465 ΙΙ.
1044 1423 1119 1480 36.
1150 1417 1412 1467 elestorum.
1464 1421 1642 1468 Ludov.
1672 1423 1727 1470 de
1749 1429 1974 1474 Hemmer
1994 1429 2044 1476 in

98 1484 305 1534 dissertat.
318 1485 372 1532 de
384 1486 538 1550 pueris
559 1501 601 1531 et
622 1486 785 1549 puellis
812 1487 1116 1541 alimentariiS,
1140 1488 1347 1535 Hauniae
1380 1501 1463 1549 173
1477 1503 1516 1546 3.
1554 1492 1620 1538 10.
1646 1492 1754 1538 Erh.
1775 1497 1974 1560 Kappius
1996 1497 2046 1544 in
2069 1552 2073 1553 ⁷

76 1552 358 1603 -Prolusione
376 1553 432 1600 de
449 1553 759 1607 alimentariis,
779 1552 953 1618 Lipsiae
977 1568 1118 1617 1735.
1156 1556 1325 1604 Ahasv.
1352 1559 1388 1601 F
1390 1552 1595 1603 ritschius
1618 1559 1665 1604 in
1687 1558 1872 1609 traGatu
1895 1563 1951 1611 de
1974 1561 2043 1610 sti-

93 1622 274 1687 pendiis
297 1636 340 1668 et
361 1619 637 1685 stipendiatis
655 1618 951 1676 scholaribus,
975 1625 1107 1669 Ienae
1131 1624 1273 1686 1663.
1292 1639 1335 1685 4.
1356 1636 1398 1668 et
1419 1623 1654 1673 volumine
1672 1629 1749 1676 IV.
1769 1631 1862 1676 eius
1890 1628 2045 1679 differ-

94 1692 343 1744 tationum,
379 1702 423 1735 et
458 1685 620 1752 Caspar
646 1688 876 1751 Zieglerus
907 1691 954 1735 in
988 1687 1290 1737 dissertatione
1322 1690 1377 1737 de
1406 1688 1637 1755 stipendiis
1662 1709 1704 1741 et
1732 1693 2044 1760 stipendiariis,

95 1755 261 1804 Witeb.
284 1761 423 1816 1683.
491 1757 563 1802 De
583 1754 738 1802 bidellis
764 1755 980 1803 Nicolaus
1000 1757 1276 1804 Vernulaeus
1300 1758 1356 1805 de
1378 1759 1598 1806 academia
1620 1763 1886 1811 Louaniensi
1909 1765 1985 1812 lib.
2007 1781 2044 1814 1.

99 1824 383 1888 c.1'2.p.·75.
404 1835 448 1869 et
471 1823 666 1870 Alciatus
686 1826 787 1870 VII.
802 1839 879 1872 22.
902 1821 1144 1890 perperam
1166 1825 1368 1883 tradens,
1403 1841 1479 1874 eos
1500 1827 1855 1893 Gymnasiorum
1876 1831 2043 1899 episco-

97 1907 184 1957 pos
203 1906 246 1937 et
266 1887 636 1954 Gymnasiarchas
658 1888 743 1938 effe
763 1889 922 1938 dissos.

229 1959 286 2003 V.
318 1958 586 2005 Societatum
605 1960 920 2008 litterariarum
945 1959 1201 2024 pleniorem
1225 1962 1431 2008 notitiam
1454 1960 1662 2027 promisit
1684 1965 1869 2029 quidem
1890 1965 2045 2015 Claris-

97 2025 232 2074 fimus
253 2023 507 2087 Christianus
527 2027 753 2082 Iunkerus,
787 2040 855 2073 tot
884 2027 980 2074 aliis
1005 2025 1180 2092 scriptis
1210 2029 1435 2093 praeclare
1460 2031 1670 2078 meritus:
1705 2031 1780 2080 sed
1809 2050 1957 2083 morte
1977 2038 2044 2082 in-

11 2128 16 2132 .
99 2107 325 2156 terceptus
346 2088 569 2155 promissis
588 2090 697 2138 stare
719 2108 812 2139 non
832 2095 996 2158 potuit.
1066 2099 1255 2143 Interim
1281 2097 1336 2143 de
1364 2097 1444 2143 illo
1473 2112 1740 2158 argumento
1772 2102 1920 2149 videri
1942 2100 2041 2168 pos-

68 2160 200 2221 §sunt
221 2154 480 2206 Morhofius
501 2156 577 2204 lib.
608 2173 644 2205 ι.
667 2149 962 2223 polyhistoris
983 2178 1075 2226 cap.
1097 2178 1165 2225 ¹4-
1216 2163 1394 2209 Samuel
1416 2163 1712 2227 Chapuzellus
1733 2169 2043 2234 (Chapuzeau)

100 2235 156 2279 A.
178 2241 317 2288 1701.
335 2225 518 2271 denatus
539 2226 587 2271 in
608 2225 722 2274 Tab.
741 2230 864 2275 VIII.
885 2232 1095 2292 Europae
1116 2228 1347 2293 spirantis,
1379 2230 1663 2278 Ancillonius
1684 2235 1730 2279 in
1751 2233 1938 2284 Miscell.
1961 2241 2043 2286 cri·

99 2297 199 2344 ticis
217 2293 388 2343 Gallice
411 2292 540 2339 editis
559 2306 686 2339 tomo
716 2307 751 2343 ῐ.
769 2310 870 2359 pag.
890 2293 1031 2359 17.sq.
1067 2293 1331 2343 Godfredus
1354 2295 1617 2344 Vockeroth
1638 2301 1685 2346 in
1708 2299 1892 2350 historia
1910 2300 2045 2355 socie-

83 2378 242 2412 -tatum
261 2376 305 2408 et
323 2362 388 2407 rei
410 2361 646 2407 litterariae
665 2375 766 2408 ante
786 2362 1034 2422 diluuium,
1069 2378 1201 2427 atque
1221 2362 1558 2411 introduaione
1589 2367 1637 2412 in
1668 2370 1873 2429 notitiam
1907 2368 2042 2423 socie-

99 2445 242 2479 tatum
261 2429 599 2480 litterariarum,
634 2444 747 2492 quae
767 2431 899 2477 lenae
924 2438 1123 2488 1687·4·
1143 2432 1345 2495 primum
1367 2427 1599 2494 separatim
1625 2449 1669 2481 et
1689 2435 1852 2486 deinde
1863 2441 2044 2498 Gothae

91 2502 157 2556 A.
182 2504 321 2559 1708.
346 2504 393 2553 8.
427 2494 616 2543 iunetim
645 2495 929 2561 prodierunt.
999 2497 1226 2546 Burchard
1257 2495 1478 2545 Gotthelf
1499 2502 1702 2550 Struuius
1729 2504 1971 2557 introdust.
1993 2510 2043 2559 in

101 2563 219 2614 Hist.
239 2565 497 2611 litterariam
521 2579 615 2629 cap.
630 2566 683 2611 X.
714 2562 901 2611 Iacobus
917 2565 1038 2613 Frid.
1059 2568 1335 2614 Reimannus
1351 2580 1477 2630 parte
1506 2581 1539 2614 1.
1563 2569 1803 2620 introdust.
1823 2576 1871 2622 in
1886 2575 2043 2625 Histo-

101 2633 216 2680 riam
246 2631 503 2679 litterariam
533 2634 868 2679 Germanorum
901 2644 1005 2697 pag.‘
1026 2650 1130 2693 ¹07·
1151 2630 1212 2697 sq.
1265 2634 1412 2681 Ioach.
1434 2634 1635 2689 Fellerus
1659 2640 1684 2687 ὁ
1711 2645 1971 2708 μακαρίτης
1993 2645 2044 2694 in

100 2701 378 2764 Panegyrico
397 2698 622 2763 Magistris
650 2696 968 2766 Philosophiae
992 2706 1046 2752 A.
1075 2708 1217 2756 1688.
1240 2699 1410 2766 Lipsiae
1431 2707 1586 2754 creatis
1611 2701 1803 2774 scripto,
1836 2715 1902 2762 10,
1923 2710 2046 2760 Κείς.

1113 2770 1156 2817 R
1172 2785 1197 2818 1·
1232 2779 1266 2822 2
1939 2776 2049 2831 kias
