2263 3027
868 100 1166 171 MVM1AE.
1860 128 1992 180 1027

9 250 12 251 ⁷
48 247 258 302 cadauera
276 246 416 294 linteo
439 243 731 293 obuoluendi.
795 245 866 290 De
883 241 1075 309 praeficis
1098 247 1122 282 7
1152 241 1257 291 vide
1278 239 1467 291 Petrum
1496 239 1809 296 Morestellum
1831 255 1993 305 pomp.

45 312 170 362 feral.
192 313 268 360 lib.
292 315 345 362 ll.
378 331 470 378 cap.
485 328 565 372 29.
601 313 682 374 lac.
706 312 981 359 Gutherium
1006 311 1060 358 de
1079 313 1177 359 iure
1197 313 1397 358 manium
1419 310 1495 358 lib.
1522 327 1559 356 1.
1586 326 1627 356 c.
1647 325 1719 371 14.
1760 309 1826 357 10.
1844 311 1996 355 Meur—

45 381 158 429 fium
181 381 238 427 de
259 379 404 428 funer.
425 399 459 429 c.
488 397 504 430 1
521 390 558 432 8.
600 384 732 426 Laur.
757 383 975 440 Begerum
998 379 1089 425 vol.
1115 395 1153 426 1.
1173 377 1362 426 thesaur.
1390 375 1640 425 Brandenb.
1670 394 1714 440 p.
1738 390 1847 435 151.
1885 376 1997 422 Hie·

45 451 236 512 ronymi·
255 446 494 496 Baruffaldi
518 445 864 493 dissertationem
885 447 938 494 ad
958 445 1299 494 illustrationem
1319 463 1458 492 vrnae
1487 438 1741 509 sepulcralis
1765 447 1798 489 F
1801 443 1827 489 l.
1855 445 1997 506 Qar-

45 517 166 563 tillae
188 515 402 580 praeficae
417 550 428 570 ,
459 532 568 578 quae
590 532 693 561 cum
719 512 899 579 Iosephi
919 515 1124 561 Lanzoni
1146 512 1403 562 aduersariis
1426 514 1480 560 de
1501 509 1622 558 lustu
1645 508 1857 557 mortuali
1876 525 1996 557 vete0

46 601 148 630 rum
168 585 342 648 prodiit
360 582 562 630 Ferariae
592 598 730 642 1713.
758 590 800 638 8.
828 598 870 629 et
891 579 1040 629 recusa
1060 580 1120 629 est
1139 585 1197 628 T.
1212 582 1290 630 ΙΙΙ.
1314 579 1506 628 thesauri
1525 579 1828 639 Sallengriani.
1897 580 1999 624 Me*

44 652 212 699 morias
228 651 513 698 Treuoltinas
534 656 585 697 A.
605 664 743 710 1730.
768 667 811 714 p.
832 647 1042 713 141.sqq.
1081 649 1298 696 Giornale
1320 649 1374 696 de
1395 648 1584 695 letterati
1608 645 1784 692 d’ltalia
1804 648 1862 692 T.
1877 647 1995 690 XVI.

43 735 214 785 9395.
284 715 571 766 Differtation
602 716 675 764 sur
704 719 766 764 les
788 715 1043 765 Pleurcuses
1073 715 1363 780 d'Antiquitc':
1391 733 1471 780 par
1490 717 1583 760 Mr.
1603 712 1796 766 Aubert‚
1833 712 1880 757 in
1911 714 2015 759 Rea

19 810 27 814 >⁷
43 787 160 834 ceuil
189 787 265 833 des
283 789 428 851 pieces
447 782 661 846 fugitiues
683 785 739 832 de
757 782 1251 846 Mr.Archimbaud,2T.
1265 801 1305 843 4.
1327 801 1371 847 p.
1388 799 1465 841 99.
1478 779 1570 846 sqq.
1609 784 1796 842 Hugon.
1810 781 1995 826 Menar-

46 855 157 901 dum
179 855 233 901 ad
257 854 579 900 Poenitentiale
599 856 855 900 Romanum
876 856 1032 898 Tomo
1044 853 1166 900 XIV.
1195 851 1306 900 Bibl.
1326 855 1508 898 Parrum
1529 848 1632 896 edit.
1653 846 1795 909 Lugd.
1819 863 1865 911 p.
1887 861 1998 907 933.

43 921 127 970 vbi
148 924 280 968 etiam
313 921 368 968 de
399 937 528 968 more
564 922 761 967 laniandi
779 937 939 982 genas,
969 919 1045 965 vel
1077 934 1176 965 ante
1209 936 1375 980 rogum
1402 915 1663 978 sanguinem
1697 914 1997 975 gladiatorum

45 989 118 1037 vel
145 991 427 1054 captiuorum
453 987 731 1036 effundendi.
799 990 869 1034 De
888 986 1285 1048 Praqficarunrvfic
1316 987 1428 1051 apud
1446 984 1720 1045 Christianos,
1751 981 1998 1027 Menardus

42 1075 88 1122 p.
103 1070 213 1118 257.
238 1053 299 1119 sq.
321 1057 374 1103 ad
397 1058 614 1119 Gregorii
633 1053 935 1102 sacramentar.
956 1070 999 1103 et
1022 1058 1136 1101 Sam.
1150 1052 1347 1115 'Basnage
1364 1052 1417 1099 ad
1440 1057 1492 1097 A.
1506 1054 1554 1096 C.
1580 1066 1654 1109 37.
1676 1064 1797 1094 num.
1818 1064 1891 1105 19.
1913 1048 1996 1094 vbi

44 1140 88 1172 et
117 1124 199 1171 alia
228 1123 283 1171 de
315 1123 674 1170 Christianorum
695 1120 949 1169 funeribus.
1019 1125 1090 1167 De
1111 1123 1294 1187 Copiatis
1321 1119 1408 1166 siue
1437 1117 1689 1164 libitinariis
1722 1116 1892 1162 clericis
1924 1111 1997 1161 fu-

43 1209 152 1240 nera
174 1190 582 1255 componentibus,
610 1187 928 1241 Gothofredus
957 1189 1147 1235 adAEod.
1168 1184 1397 1235 Theodos.
1420 1200 1548 1231 tomo
1577 1200 1614 1241 5.
1636 1201 1680 1247 p.
1707 1197 1749 1240 ς.
1800 1184 1998 1244 Cangius

43 1255 286 1320 ingloss'ar.
311 1258 525 1305 Vedelius
555 1272 598 1304 et
628 1257 703 1304 alii
734 1258 789 1304 ad
817 1255 1064 1322 Epistolam
1094 1255 1270 1316 lgnario
1298 1249 1568 1317 suppositam
1597 1251 1650 1297 ad
1670 1250 1997 1296 Antiochenos.

43 1330 113 1373 De
137 1326 582 1375 Muhamedanorum
605 1322 841 1372 funeribus
862 1339 905 1371 et
922 1338 1211 1385 aegrotorum
1234 1339 1363 1385 atque
1392 1320 1724 1380 agonizantium
1746 1315 1998 1364 visitatione:

42 1392 256 1440 Albertus
276 1391 505 1439 Bobouius
525 1391 582 1440 ad
602 1392 768 1440 calcem
796 1393 971 1440 itineris
991 1386 1237 1440 Abrnhami
1256 1389 1446 1438 Perizol.
1476 1400 1580 1433 cum
1609 1385 1729 1432 notis
1747 1385 1871 1430 Tho.
1891 1388 1995 1448 Hy-

45 1459 119 1508 dei
138 1476 238 1525 pag.
256 1473 326 1519 17.
341 1456 407 1523 sq.

185 1527 291 1575 Vll.
337 1530 412 1575 De
446 1527 669 1576 medicato
702 1525 865 1576 funere
899 1526 991 1577 fiue
1019 1530 1157 1575 variis
1176 1523 1426 1574 rationibus
1447 1538 1640 1586 corpora
1669 1516 1997 1568 defunctorum

45 1594 314 1652 condiendi,
349 1610 482 1658 atque
502 1614 525 1643 a
546 1599 840 1660 corruptione
860 1612 902 1644 et
921 1597 1165 1661 putredine
1193 1591 1510 1643 construandi,
1545 1605 1644 1635 tum
1672 1589 1729 1647 de
1748 1588 1999 1650 Aegyptio-

44 1679 149 1708 rum
169 1659 463 1726 ταριχεύσει,
497 1663 553 1710 de
574 1680 660 1727 qua
688 1663 953 1710 Herodotus
977 1665 1032 1712 ΙΙ.
1057 1671 1130 1719 86.
1151 1661 1245 1726 sqq.
1258 1679 1305 1708 ac
1325 1661 1380 1707 de
1401 1662 1581 1705 Mumiis
1603 1658 1661 1702 ita
1682 1653 1810 1702 diffls
1823 1654 1875 1700 ab
1889 1659 1996 1700 Am-

42 1728 146 1776 bico
171 1729 394 1776 vocabulo
415 1733 564 1783 Mum,
598 1731 721 1793 quod
743 1748 890 1776 ceram
907 1727 1144 1791 fignificat,
1182 1731 1255 1791 (vt
1274 1742 1399 1775 notat
1418 1726 1540 1771 Tho.
1562 1724 1811 1770 Gatakerus
1830 1738 1877 1785 p.
1891 1737 1904 1766 1
1919 1734 2001 1781 75.

45 1797 101 1843 ad
116 1799 180 1843 M.
195 1799 498 1854 Antoninum,
521 1813 564 1845 et
575 1795 1173 1862 EngelbertusKaempferus
1195 1799 1242 1843 in
1265 1790 1602 1857 antiquitatibus,
1620 1792 1806 1837 exoticis
1825 1805 1871 1852 p.
1888 1803 1997 1848 517.

41 1863 124 1909 vbi
158 1864 385 1927 liquorem
414 1865 544 1911 illum
582 1867 721 1912 mirae
750 1867 932 1912 virtutis
959 1867 1013 1911 ad
1039 1865 1290 1912 condienda
1318 1863 1529 1909 cadauera
1544 1856 1813 1923 aptissimum
1836 1852 1997 1902 descri-

25 1929 133 1988 ssbit:
174 1945 216 1976 et
237 1933 477 1979 Cornelius
504 1933 548 1979 le
573 1937 695 1979 Brun
727 1934 891 1979 itinere
922 1934 969 1978 in
989 1931 1174 1979 Perfiam
1204 1949 1251 1996 p.
1276 1945 1388 1989 231.
1411 1928 1518 1975 edit.
1537 1926 1759 1984 Gallicae)
1778 1918 1997 1976 consules,

43 1997 125 2044 vbi
151 1997 346 2051 lubebit,
379 1998 666 2046 Athanasium
688 2000 957 2047 Kircherum
979 2003 1028 2046 in
1046 1991 1240 2063 sphinge
1260 1995 1546 2060 mystagoga,
1582 1992 1672 2039 fiue
1691 1990 1881 2039 diatribe
1901 1990 1997 2035 hie·

46 2065 319 2129 roglyphica
343 2064 398 2110 de
416 2069 632 2121 Mumiis,
667 2065 905 2113 Amstelod.
936 2076 1072 2128 1676.
1093 2065 1172 2112 fol.
1192 2069 1404 2112 etTomo
1421 2078 1459 2122 3.
1483 2061 1673 2124 Oedipi2
1715 2057 1996 2122 syntagmate

49 2148 68 2182 l
84 2150 124 2193 3.
144 2148 186 2178 et
206 2129 483 2195 syntagmate
517 2142 586 2181 16.
605 2131 685 2178 vbi
706 2133 761 2180 de
782 2135 1040 2189 PenatibuS,
1079 2132 1270 2180 Laribus
1289 2146 1334 2177 et
1354 2128 1590 2191 Serapibus
1604 2159 1616 2179 2
1651 2126 1728 2189 qui
1750 2139 1794 2171 et
1818 2122 1899 2188 ipsi
1927 2125 1998 2169 ni·

44 2201 112 2248 hil
132 2200 252 2246 aliud
276 2215 401 2245 erant
423 2216 558 2261 quam
586 2199 797 2246 cadauera
817 2203 1152 2265 Aegyptiorum.
1184 2198 1397 2245 medicata
1409 2229 1424 2249 2.
1456 2194 1565 2240 vide
1590 2204 1637 2257 p.
1657 2199 1772 2254 478.
1839 2191 1997 2237 Ioachi-

44 2276 159 2314 ntum!
185 2271 437 2333 Struppz'um
467 2267 514 2311 in
538 2264 751 2314 consensu
779 2268 1082 2314 celebriorum
1104 2267 1419 2314 Medicorum,
1453 2260 1791 2307 Historicorum
1821 2272 1867 2304 et
1890 2258 1997 2303 Phi·-

45 2333 343 2399 losophorum
365 2332 499 2397 super
521 2335 709 2379 exoticis
724 2336 892 2399 aliquot
917 2333 1269 2384 medicamentis,
1292 2329 1469 2376 Mumia
1488 2329 1617 2390 eique
1629 2327 1845 2389 cognatis»,
1856 2328 1995 2371 Fran-

32 2401 132 2461 (eof
165 2405 299 2463 1674.
314 2419 364 2457 4.
429 2399 666 2447 Gabrielem
684 2403 933 2448 Clauderum
960 2406 1006 2448 in
1028 2401 1247 2448 methodo
1270 2395 1536 2451 balsamandi
1560 2411 1753 2458 corpora
1782 2393 1993 2448 humana,

47 2469 318 2534 Altenburgi
346 2472 485 2528 1679.
506 2486 553 2523 4.
613 2471 803 2514 Ioannem
827 2474 1038 2516 Granium
1067 2471 1115 2516 in
1149 2465 1447 2530 descriptione
1463 2462 1757 2528 Pyramidum
1777 2462 1993 2525 Aegypti,

44 2539 96 2584 in
118 2553 247 2583 tomo
267 2538 420 2599 primo
440 2533 718 2583 comestionis
743 2537 955 2583 itinerum·
976 2536 1370 2586 Theuenotianae.
1405 2535 1543 2594 (quae
1571 2529 1717 2576 tribus
1744 2528 1991 2575 volumini—

46 2603 128 2654 δας
148 2604 322 2669 prodiit
343 2606 392 2651 in
411 2601 572 2667 folio.)
614 2604 711 2650 olai
732 2606 909 2650 Wormii
924 2602 1128 2652 museum
1156 2620 1203 2668 p.
1228 2617 1302 2665 30.
1324 2598 1392 2664 sq.
1434 2599 1633 2646 Giornale
1654 2597 1836 2644 d'Italia.
1862 2599 1920 2642 T.
1941 2602 1992 2645 6.

1819 2680 1862 2727 p.
1884 2678 1992 2725 ¹72·

110 2767 132 2794 ⁷
160 2763 625 2861 ἳίηεςῖςμωρολογίστραι,
663 2764 841 2806 NaenIae
855 2760 1070 2806 Hammoni
1082 2761 1132 2805 ad
1143 2773 1280 2804 canon.
1295 2757 1391 2806 106.
1419 2752 1996 2812 Carthaginienfifflwvfwffiaw,

48 2833 164 2868 quern
181 2833 228 2862 ae
246 2823 476 2871 vagationes.
1350 2828 1352 2830 ’
1591 2849 1594 2851 >
