2263 3027
931 86 974 139 R
989 84 1039 137 O
1052 86 1106 137 M
1123 86 1184 138 A.
1285 84 1287 87 ’
1929 102 2023 143 221

86 217 275 268 {iat-ibus
294 218 343 265 in
363 213 522 265 Alsatia
543 210 710 262 differit
730 213 762 259 I.
777 213 830 260 D.
851 210 1124 279 Schoepflinus
1135 208 1322 259 Alsatiae
1333 208 1569 259 illustratae
1577 212 1637 259 T.
1656 224 1696 261 1.
1720 225 1763 276 p.
1783 225 1889 274 547.
1904 210 2021 279 seqq,

91 288 267 341 Eidem,
302 287 380 350 qui
410 278 709 334 laudatusest,
731 281 959 343 Bergierio
981 296 1260 327 memoratur
1279 282 1422 327 Roma
1441 294 1593 334 vetus,
1626 296 1724 326 vno
1752 276 1868 326 folio
1898 281 2023 346 depi-

93 353 185 409 sta,
220 370 263 402 et
284 352 447 400 Carolo
467 354 541 398 IX.
576 348 746 396 Galliae
763 350 877 410 Regi
897 347 1042 395 oblata
1063 354 1115 401 A.
1139 351 1187 395 C.
1203 363 1342 411 1574.
1377 366 1401 395 a
1421 348 1624 415 Stephano
1641 349 1697 393 du
1717 350 1876 404 Perae,
1905 350 2021 395 Pari-

93 421 205 482 fino,
237 423 324 485 qui
340 421 500 467 eodem
518 432 635 463 anno
656 416 860 479 vulgauit
881 418 1058 464 Rudera
1088 417 1419 480 Antiquitatum
1444 416 1681 463 obuiarum
1703 418 1871 463 Romae
1890 451 1900 471 ,
1938 417 2023 464 ele-

96 488 302 552 gantibus
329 486 483 549 figuris
507 484 733 531 delineata.
802 487 830 532 I
844 484 987 552 vestzgi
1004 486 1069 532 del
1089 484 1331 532 l'Antichita
1353 487 1398 532 di
1416 488 1565 543 Roma,
1583 483 1760 530 raccolti
1781 497 1823 530 et
1845 489 2021 532 titt-atti

96 557 435 624 inperspettivffi
462 569 538 609 oon
553 557 662 619 ogni
679 554 899 620 dilzgenza.
1415 551 1420 554 ’

234 693 327 737 VI..
348 690 528 736 Notum
553 686 615 736 est
644 688 720 735 vel
741 705 796 736 ex
821 688 1047 736 Plutarchi
1074 686 1423 751 Qaestionibus
1452 689 1690 742 Romanis,
1725 690 1918 735 Romam
1942 702 2023 733 vo·

94 758 183 805 cari
205 755 486 820 ἑπτάλοφον,
523 755 611 803 fiue
636 753 936 821 septicollem,
973 774 1056 820 qua
1076 757 1130 802 de
1152 774 1225 813 re,
1261 772 1436 820 praeter
1463 760 1734 820 Interpretes
1763 756 1816 802 ad
1839 755 2021 819 Apocal.

93 842 129 873 c.
158 841 227 886 17.
261 843 360 885 v.9.
401 825 506 871 vide
527 825 679 887 Iustum
698 828 938 887 Rycquium
960 824 1079 870 libro
1103 824 1156 870 de
1177 825 1402 887 Capitolio
1424 827 1655 879 Romam,
1689 823 1770 869 vbi
1798 822 2022 884 sigillatim

93 895 182 954 agit
201 892 257 939 de
278 893 395 940 colle
411 890 672 957 'Capitolino
693 907 736 938 et
756 895 990 938 Henricum
1011 895 1281 958 Kippingium
1306 891 1384 938 lib.
1411 907 1451 938 2.
1494 893 1679 954 Antiqq.
1700 893 2024 943 Romanarum,

93 976 186 1024 cap.
213 975 250 1009 t.
324 961 521 1024 Rycquii
552 959 667 1006 liber
686 957 868 1008 excusus
890 961 1092 1024 primum
1114 957 1173 1006 est
1200 959 1406 1006 Gandaui
1433 967 1569 1019 1617.
1607 975 1652 1021 4.
1687 958 1850 1004 deinde
1880 957 2025 1018 Lugd.

90 1031 237 1075 Batav.
264 1031 401 1087 1669.
451 1044 524 1074 12.
562 1043 605 1074 et
634 1045 735 1074 cum
767 1028 857 1074 viri
885 1028 1133 1089 philologi,
1169 1027 1258 1074 hoc
1283 1025 1368 1087 est,
1406 1029 1489 1073 Iac.
1513 1030 1720 1075 Gronouii
1748 1025 2025 1072 animaduer-

0 1124 1 1152 ᾗ
92 1093 310 1150 fionibus,
352 1113 368 1145 1
382 1099 411 1143 6
414 1102 492 1152 96.
536 1112 605 1144 12.
674 1099 905 1142 Parauerat
926 1094 1081 1142 auiior
1105 1092 1199 1159 ipse
1221 1096 1352 1143 etiam
1375 1093 1685 1161 supplementa
1705 1109 1747 1141 et
1767 1094 1956 1140 alterum
1976 1093 2028 1139 li-

0 1170 2 1182 *
92 1161 229 1209 brum
259 1163 313 1209 de
332 1164 580 1228 Capitolio,
617 1179 751 1227 quem
774 1165 1003 1228 promittit
1021 1181 1065 1228 p.
1087 1177 1200 1226 255.
1244 1178 1287 1210 et
1307 1179 1371 1225 42
1388 1180 1425 1209 1.
1459 1162 1562 1209 edit.
1590 1162 1733 1223 Lugd.
1754 1178 1915 1208 verum
1939 1177 2029 1207 vna

0 1223 2 1279 l
95 1247 197 1278 cum
219 1228 400 1277 au&ore
420 1230 536 1278 libet·
557 1232 633 1277 ille
656 1229 872 1278 secundus
894 1231 1136 1279 intercidit.
1215 1234 1285 1277 De
1297 1231 1522 1295 Capitolio
1542 1231 1747 1294 alioquin
1767 1229 1953 1293 (quoda
1967 1232 2035 1294 Q

1 1295 5 1333 ἓ
96 1297 254 1344 Catulo
273 1295 521 1350 refestum,
560 1296 717 1344 confer
741 1302 947 1344 Patinum
977 1316 1076 1362 pag.
1093 1314 1137 1360 4.
1174 1298 1228 1346 ad
1259 1299 1556 1360 Suetonium)
1584 1295 1880 1345 consulendus
1899 1298 2028 1343 Taci-

2 1358 6 1399 ἶ
96 1379 167 1410 tus
194 1380 232 1422 3.
273 1362 439 1410 Histor.
463 1378 496 1409 c.
511 1361 696 1426 7‘1.'seq.
733 1379 776 1408 et
796 1380 844 1422 4.
866 1381 900 1409 c.
917 1379 994 1420 52.
1010 1363 1070 1426 sq.
1139 1368 1209 1410 De
1227 1366 1415 1411 aliarum
1438 1366 1621 1412 vrbium
1634 1365 1883 1429 Capimliis,
1901 1380 2028 1427 quae,

95 1445 147 1477 vt
169 1429 282 1477 bene
313 1445 469 1476 monet
489 1427 701 1477 Maffeius
731 1431 778 1475 in
799 1427 960 1477 Museo
985 1429 1234 1478 Veronensi
1268 1430 1327 1476 ob
1360 1431 1582 1494 quandam
1611 1449 1714 1478 cum
1747 1435 1954 1477 Romano
1981 1429 2028 1476 fi-

4 1511 5 1515 ’
95 1497 402 1543 militudinem
423 1495 480 1542 fic
506 1495 622 1543 ὀίἃα
644 1494 767 1551 sunt,
802 1513 980 1561 praeter
999 1499 1256 1560 Rycquium
1277 1497 1500 1545 videndus
1521 1501 1704 1563 Cangius·
1735 1500 1782 1544 in
1807 1495 2029 1545 Glossario

96 1564 260 1616 latine,
299 1565 502 1610 Baluzius
524 1580 567 1627 p.
588 1577 691 1624 191.
729 1563 783 1609 ad
806 1566 1025 1628 Cypriani
1045 1563 1181 1628 Epist.
1206 1580 1280 1623 55.
1318 1581 1361 1612 et
1389 1565 1590 1626 Maffeius
1610 1567 1711 1612 loco
1735 1567 1880 1611 citato.
1951 1569 2032 1612 Ce-

6 1683 9 1695 .
95 1632 181 1678 teri
204 1628 278 1678 sex
300 1645 478 1677 montes
502 1628 604 1676 sunt
621 1631 856 1689 Palatinus,
893 1633 939 1676 in
960 1647 1050 1694 quo
1073 1632 1287 1695 palatium
1311 1630 1568 1678 Caesarum:
1609 1634 1767 1679 Caelius
1789 1629 1864 1677 seu
1887 1637 2029 1697 Qer-

7 1737 9 1739 .
96 1698 386 1762 quetulanus‚
419 1697 502 1744 vbi
530 1715 652 1745 nunc
680 1697 808 1745 aedes
842 1697 1167 1746 Lateranensis:
1245 1700 1483 1764 Esquilinus
1517 1716 1619 1746 cum
1656 1700 1876 1756 Viminali,
1911 1716 2031 1746 nunc

7 1768 10 1773 ’
95 1769 151 1813 S..
163 1768 335 1813 Mariae
355 1766 410 1813 ad
422 1767 585 1823 Ciues:
654 1768 907 1833 Qirirtylis‚
941 1784 1062 1814 nunc
1081 1781 1239 1813 monte
1264 1767 1468 1822 Cauallo,
1505 1767 1556 1813 ab
1577 1769 1703 1832 equis
1723 1766 1897 1814 duobus
1923 1785 2033 1813 mat·-

94 1835 285 1887 moreis,
322 1850 435 1898 quos
454 1835 655 1896 gigantes
676 1849 852 1889 tenent,
887 1836 1071 1882 Phidiae
1092 1851 1231 1899 opere
1259 1849 1302 1880 et
1323 1835 1574 1883 Praxitelis:
1649 1838 1893 1889 Auentinus,
1913 1852 2032 1882 nunc

100 1904 140 1950 S.
153 1899 358 1948 Sabinae:
395 1917 438 1948 et
449 1917 568 1948 trans
577 1900 800 1955 Tiberim,
817 1905 1027 1951 Ianiculus
1046 1919 1181 1966 quem
1203 1900 1305 1948 vrbi
1319 1907 1469 1949 Ancus
1488 1903 1671 1959 addidit,
1687 1919 1728 1949 et
1747 1900 1834 1949 fuit
1850 1905 1895 1949 in
1910 1918 2034 1968 parte

100 1971 293 2021 Romae,
330 1968 411 2015 vbi
447 1970 572 2031 regio
598 1986 751 2033 quarta
783 1971 954 2018 decima
973 1970 1082 2025 fuit,
1121 1970 1260 2017 hodie
1278 1972 1533 2017 Montorio.
1607 1971 1723 2017 Vide
1744 1972 2035 2017 Harduinum

11 2048 13 2057 ·
100 2034 154 2082 ad
172 2035 284 2082 Plin.
318 2039 375 2082 T.
409 2053 443 2083 1.
475 2035 648 2101 12:331.
679 2038 782 2085 edit.
806 2040 854 2085 in
873 2056 919 2096 4.
988 2040 1205 2086 Fontium
1229 2036 1356 2083 vrbis
1380 2041 1550 2084 Romae
1574 2038 1838 2100 elegantiam
1858 2057 1904 2086 ac
1918 2039 2034 2084 mul-

12 2155 15 2171 :
97 2102 341 2217 ἒῐῗῗίηεηι
368 2100 762 2201 salubritatemque¹
777 2108 1002 2172 praedicat
1023 2108 1220 2156 Galenus
1238 2121 1287 2164 4.
1308 2107 1356 2167 in
1378 2109 1422 2153 6.
1449 2107 1658 2172 Epidem.
1693 2111 1751 2154 T.
1768 2124 1807 2171 5.
1832 2107 1934 2154 edit.
1949 2109 2045 2163 Gr..

137 2186 159 2216 a
176 2187 190 2216 1
211 2205 222 2220 .
257 2187 303 2235 p.
325 2185 438 2234 497.
553 2187 556 2190 ’
742 2190 744 2192 ·

247 2304 351 2352 VII.
383 2308 554 2354 Romae
571 2309 742 2355 veteris>
761 2307 956 2357 aedificia
975 2312 1175 2374 primum
1197 2313 1473 2376 perhumilia
1492 2309 1678 2359 fuerunt
1701 2308 1789 2356 fiue
1813 2308 1926 2356 casae
1946 2324 2028 2372 po-

103 2371 190 2417 tius
210 2370 419 2441 stramine
443 2371 593 2427 testae,
629 2377 791 2424 deinde
810 2375 1028 2425 scandulis
1043 2396 1184 2442 vsque
1207 2381 1260 2426 ad
1282 2380 1453 2428 bellum
1475 2379 1651 2442 Pyrrhi,
1694 2393 1740 2422 vt
1765 2377 1898 2422 tradit
1922 2379 2031 2422 Cor-

95 2440 247 2486 nelius
266 2444 431 2506 Nepos
452 2441 568 2506 apud
578 2442 813 2498 'PliniumL
836 2459 953 2505 17.-c.
971 2462 989 2494 1
1003 2450 1046 2494 6.
1114 2447 1245 2495 Adde
1264 2466 1381 2512 quae
1403 2450 1457 2494 de
1479 2445 1567 2493 casa
1580 2444 1764 2489 Romuli
1786 2442 2024 2490 straminea

105 2505 238 2554 habet
260 2510 389 2572 Iustus
405 2512 624 2573 chqnizts
646 2509 802 2569 libade
813 2515 1038 2577 Capitolio
1062 2532 1096 2562 c.
1118 2532 1199 2572 44.
1248 2526 1250 2530 ’
1270 2515 1341 2563 Ab
1363 2532 1417 2560 eo
1433 2528 1640 2576 tempore
1662 2510 1714 2556 ad
1737 2510 1869 2557 illum
1890 2508 2034 2575 splen-

108 2572 287 2628 dorem,
317 2577 598 2624 altitudinem
621 2578 1053 2645 amplitudinemque
1078 2597 1120 2628 et
1148 2597 1409 2628 ornamenta
1429 2576 1738 2626 aedificiorum
1760 2594 2037 2643 peruentum

20 2670 21 2673 =
108 2637 182 2695 est,
215 2645 451 2708 praecipue
472 2643 551 2691 sub
570 2643 843 2693 Caesaribus:
885 2648 940 2695 de
963 2666 1052 2713 quo
1074 2649 1225 2695 videas
1248 2649 1351 2694 licet
1370 2649 1500 2695 Nicol.
1514 2651 1786 2712 Bergierium
1807 2645 1887 2695 lib.
1905 2661 1944 2703 ς.
1986 2646 2041 2692 de

109 2707 194 2754 viis
216 2725 248 2756 c.
269 2726 312 2770 9.
334 2709 420 2777 seq.
443 2728 486 2760 et
518 2730 552 2762 c.
573 2730 619 2779 4.
656 2713 736 2763 vbi
757 2715 813 2763 de
836 2712 918 2763 vsu
949 2714 1178 2781 frequenti
1210 2730 1253 2761 et
1277 2717 1404 2763 vario
1440 2715 1711 2775 marmoris,
1749 2716 1826 2779 qui
1857 2731 1880 2760 a
1901 2714 2042 2759 Lucio

195 2780 206 2784 ’
1105 2785 1180 2830 Ee
1198 2830 1203 2834 ,
1214 2798 1241 2848 3
1864 2777 2013 2830 Crasso
