2263 3027
178 93 279 147 826⁴
673 79 1026 135 CAP.‚2XV11.
1125 78 1474 133 chicvm
1511 44 1616 130 ete.
1648 44 1656 47 ’

175 215 229 263 ad
251 212 388 261 Iudic.
412 216 444 258 I.
480 227 546 270 ¹9·
574 225 614 257 et
647 212 723 255 IV.
743 224 746 226 ’
790 204 1073 270 Bonifiicium
1099 205 1240 253 XVII.
1263 221 1307 262 4.
1334 202 1432 252 hist.
1452 203 1662 260 ludicrae,
1683 198 1953 252 Briss'onium
1974 205 2028 253 de
2047 223 2124 256 re·⁴

134 332 138 336 .
176 300 269 346 gno
297 278 410 327 Pers.
434 280 512 328 111.
545 296 587 347 p.
620 285 713 339 384
737 275 798 340 sq.
839 292 880 323 et
912 275 1174 324 Guidonem
1203 273 1505 321 Pancirollum
1540 274 1589 318 in
1621 272 1870 337 appendice
1899 273 1954 320 de
1984 273 2116 322 rebus

176 351 363 407 bellicis,
396 365 527 412 quam
554 346 670 392 libro
693 346 748 392 de
771 342 1094 406 magistratibus
1116 341 1462 406 municipalibus
1484 340 1538 387 ad
1558 340 1722 386 calcem
1747 343 1950 388 Notitiae
1972 341 2118 404 digni-

177 435 317 465 tatum
352 412 584 478 vtriusque
625 415 809 478 imperii
838 431 860 459 a
891 410 932 458 se
966 409 1200 457 illustratae
1220 407 1463 458 subiunxit.
1519 404 1762 474 “Aeflanus
1784 404 2120 476 ιδξεπανοφὸρου

174 501 358 551 quoque
380 486 551 530 mentio
578 481 638 528 est
657 481 774 545 apud
801 480 1106 531 Heliodorum
1129 481 1202 524 IX.
1223 495 1321 542 pag.
1343 492 1456 539 430.
1481 475 1561 523 vbi
1581 477 1895 524 Bourdelotius
1923 492 2121 531 annotat,
2178 521 2181 523 .

176 555 317 601 multa
347 553 403 598 de
424 550 630 598 curribus
652 547 820 596 falcatis
836 544 1073 593 'tradidisse
1099 550 1329 592 Durerum
1353 561 1407 590 ex
1430 545 1635 608 antiquis,
1711 548 1782 592 De
1804 562 2019 592 curruum
2040 544 2122 592 vsu

178 625 225 670 ‘m
245 621 374 668 bellis
405 620 509 667 vide
533 619 704 665 Frider.
728 616 926 680 Adolph.
956 615 1197 678 Lampium
1231 614 1276 659 in
1301 611 1695 660 exercitationibus
1729 613 1783 659 ad
1804 610 1958 660 Psalm.
1982 616 2124 660 XLV.

176 708 277 757 pag.
314 703 398 748 179
423 686 517 752 sqq.
585 690 654 732 De
685 683 886 731 curribus
906 681 1081 729 bellicis
1102 683 1148 728 in
1174 682 1349 727 oriente
1372 678 1536 726 vfitatis
1566 677 1749 727 consule
1770 678 2124 729 differt-ationem

177 754 439 821 Christoph.
473 754 715 808 Schultzii,
748 749 944 816 praeside
974 753 1096 796 Ioan.
1120 747 1381 813 Christoph.
1406 745 1890 804 Wichmannshausen,
1924 748 2125 796 habitam

178 823 363 875 Witteb.
397 837 537 884 1722.
571 819 784 867 Eiusdem
805 819 1020 866 Schultzii
1052 814 1213 864 differt.
1235 816 1290 863 de
1314 815 1566 863 ciuitatibus
1598 833 1812 863 curruum
1829 850 1840 870 ‚
1875 815 1966 864 siue
1988 817 2127 864 curri-

175 893 260 941 bus
283 908 325 940 et
355 893 481 956 equis
510 887 800 952 disponendis
824 905 846 933 a
864 886 1105 933 Salomone
1137 883 1358 932 destinatis
1395 897 1423 931 2
1445 884 1580 931 Paral.
1610 886 1682 932 IX.
1710 900 1786 942 25.
1816 883 1922 932 ibid.
1942 884 2125 940 eodem,

179 961 223 1008 et
259 964 380 1007 Ioan.
413 963 522 1005 Dav.
546 955 778 1002 Michaelis
810 950 1161 1018 praelefflonem
1190 953 1354 998 dehoc
1377 966 1645 1014 argumento
1667 953 1893 999 recitatam
1915 954 1963 999 in
1987 953 2125 1014 Regia

181 1027 399 1077 scientiar.
421 1024 628 1072 societate
655 1018 990 1082 Goettingensi,
1026 1036 1139 1083 quae
1160 1016 1414 1066 recensetur
1430 1021 1476 1065 in
1497 1020 1648 1065 Nouis
1671 1019 1897 1067 litterariis
1918 1023 2126 1068 Goettin·

181 1094 387 1160 gensibus
409 1099 460 1141 A.
490 1106 626 1152 1759.
647 1107 745 1154 pag.
769 1105 880 1148 913.
952 1086 1197 1133 Cuniculos
1219 1085 1594 1150 deprehendendi
1613 1087 1836 1134 rationem
1859 1105 1941 1153 per
1961 1085 2128 1135 sonum

182 1166 299 1213 aerei
320 1160 430 1209 scuti
452 1178 475 1206 a
495 1157 624 1205 fabro
648 1157 843 1220 quodam
863 1154 1031 1200 aerario
1056 1154 1288 1200 inuentam
1313 1155 1504 1218 exponit
1525 1153 1792 1201 Herodotus
1813 1155 1888 1202 lib.
1914 1159 1990 1202 lV.
2017 1171 2128 1205 200.

184 1237 255 1280 De
278 1227 526 1278 muricibus
548 1223 707 1271 ferreis
727 1222 816 1270 siue
836 1221 1013 1269 tribulis
1038 1237 1151 1284 quos
1166 1218 1390 1284 fugientes
1409 1218 1617 1285 spargere
1633 1217 1847 1276 solebant,
1858 1238 1909 1269 vt
1930 1221 2128 1270 hostium

184 1298 515 1363 insequentium
544 1292 681 1358 pedes
707 1291 933 1338 laederent
961 1289 1067 1335 vide
1100 1291 1365 1350 Menagium
1392 1289 1550 1351 Origg.
1583 1288 1699 1336 Gall.
1732 1291 1778 1336 in
1807 1289 1963 1354 chauſjb
1990 1303 2128 1357 trape,

184 1382 227 1416 et
250 1368 305 1414 de
327 1363 544 1413 cuniculis
566 1362 613 1406 in
626 1364 757 1407 Mine.
827 1358 926 1404 Stili
947 1357 1070 1405 coeci
1089 1357 1183 1404 aliis
1197 1357 1363 1404 tribuli
1384 1355 1473 1404 flue
1498 1358 1689 1404 murices
1710 1355 1848 1404 ferrei
1862 1352 2128 1422 (Sufiattgel)

186 1451 288 1484 ante
315 1431 452 1481 castra
486 1426 642 1478 confiti
673 1438 983 1474 memorantur
1021 1443 1044 1472 a
1071 1423 1250 1472 Caesare
1283 1424 1439 1486 libp7.
1476 1425 1532 1471 de
1563 1423 1685 1471 bello
1717 1426 1893 1473 Gallico
1935 1443 2028 1490 cap.
2051 1441 2130 1487 73.

189 1505 348 1552 Hirtio
393 1500 498 1548 bell.
529 1496 628 1545 Ast.
660 1513 751 1561 cap.
776 1511 871 1558 31·-
957 1489 1132 1541 Confer
1184 1497 1438 1559 Rupertum
1480 1492 1534 1539 ad
1588 1491 1820 1540 Valerium
1856 1495 2150 1541 Maximum
2220 1532 2221 1535 ,

185 1590 227 1638 Ρ.
254 1579 366 1627 248.
435 1566 657 1616 Tentoria
680 1562 864 1610 fuerunt
887 1562 960 1608 vel
983 1579 1037 1608 ex
1058 1560 1252 1626 pellibus
1266 1579 1276 1617 3
1313 1557 1472 1608 conset
1495 1563 1594 1607 C.S.
1609 1559 1942 1609 Schurfleischii
1965 1559 2132 1610 differt.

191 1642 246 1688 de
270 1637 421 1687 Paullo
449 1633 685 1701 σκηνοποιῷ
717 1632 770 1678 ad
792 1628 944 1679 Aenon
974 1630 1141 1677 XVII'I.
1167 1645 1207 1691 3.
1234 1627 1420 1678 Witteb.
1450 1636 1588 1689 1674.
1617 1631 1928 1693 etAringhum
1948 1646 1991 1693 p.
2015 1635 2128 1690 248.

190 1712 361 1755 Romae
382 1704 688 1752 subterraneae
713 1720 722 1757 ;
782 1699 857 1746 vel
887 1715 941 1745 ex
971 1698 1151 1753 ciliciis,
1198 1712 1248 1744 vt
1278 1695 1448 1745 Arabes
1478 1696 1668 1743 scenitae
1690 1731 1702 1751 ,
1746 1698 1801 1743 de
1839 1698 2002 1759 quibus
2039 1695 2126 1741 Pli-

190 1780 290 1825 nius
312 1778 389 1821 VI.
413 1781 490 1828 28.
557 1774 627 1817 De
663 1784 883 1815 armatura
920 1782 963 1814 et
993 1782 1207 1831 apparatu
1236 1765 1482 1812 hodiernae
1512 1763 1698 1810 militiae
1728 1762 1862 1810 exstat
1890 1760 2131 1810 dissertatio

190 1847 314 1891 Ioan·
334 1839 514 1888 Christi·
540 1837 824 1890 Leonharffi,
855 1832 973 1901 Lips·
1004 1848 1144 1896 1711.
1216 1835 1288 1880 De
1306 1831 1635 1893 Strategematis
1664 1831 1915 1895 Polyaenus
1942 1847 1966 1878 e
1987 1833 2131 1879 Grae-

193 1915 253 1960 cis
276 1926 317 1958 et
341 1928 363 1957 e
387 1908 555 1955 Latinis
574 1907 833 1952 Frontinus.

327 2048 401 2091 IX.
443 2039 592 2088 Moses
622 2054 805 2084 manum
837 2033 1043 2082 attollens
1063 2031 1212 2079 Exodi
1234 2034 1376 2079 XVII.
1404 2040 1475 2088 18.
1508 2032 1727 2079 vexillum
1759 2030 1942 2081 erexisse
1970 2024 2133 2080 dicitur
2182 2061 2185 2066 ·

192 2134 215 2164 a
237 2118 358 2161 loan.
380 2106 596 2159 Gothofr.
617 2105 954 2153 Lakemachero
986 2098 1159 2148 observ.
1192 2100 1414 2165 philolog.
1454 2117 1581 2164 parte
1603 2104 1680 2147 IV.
1709 2115 1745 2148 1.
1842 2104 2054 2148 Ceterum
2077 2100 2132 2148 de

194 2179 374 2230 vexillis
397 2177 713 2225 Hebraeorum
746 2168 1031 2219 consulantur
1053 2168 1338 2216 Goodwinus
1367 2171 1412 2215 in
1436 2165 1565 2215 Mose
1594 2183 1636 2216 et
1660 2173 1839 2216 Aarone
1864 2168 1939 2215 lib.
1960 2173 2005 2214 6.
2032 2185 2066 2215 c.
2091 2176 2133 2224 8.
2240 2186 2247 2191 ·

195 2267 239 2299 et
261 2249 314 2296 ad
337 2247 530 2293 eundem
560 2242 836 2306 Cat-pzouius
865 2254 908 2303 p.
932 2243 1031 2297 667
1052 2234 1113 2300 sq.
1152 2251 1194 2283 et
1220 2253 1332 2300 quos
1353 2237 1428 2283 ille
1448 2236 1626 2299 allegat,
1667 2237 1897 2284 Arnoldus
1917 2237 2135 2283 Beothius
2222 2267 2230 2285 f

199 2312 568 2366 animaduersion.
593 2309 698 2358 sacr.
722 2308 796 2355 lib.
824 2323 862 2356 1.
889 2322 981 2370 cap.
1008 2321 1031 2364 5
1055 2302 1148 2369 sqq.
1179 2319 1222 2351 et
1245 2303 1380 2353 Wilh.
1402 2307 1508 2351 Ern.
1542 2305 1751 2352 Ewaldus
1781 2303 2003 2352 Emblem.
2029 2300 2134 2350 sacr.

196 2386 273 2434 lib.
303 2404 343 2432 1.
374 2382 554 2429 exercit.
587 2395 627 2439 3.
671 2394 770 2441 pag.
797 2391 853 2433 25
878 2371 973 2438 sqq.
1012 2389 1109 2421 tum
1140 2373 1382 2419 Bochartus
1410 2375 1598 2421 Hieroz.
1638 2376 1684 2424 P.
1726 2388 1763 2421 t.
1801 2372 1876 2419 lib.
1901 2383 1943 2434 3.
1975 2387 2067 2435 cap.
2093 2389 2136 2432 5.

197 2452 406 2501 Fesselius
431 2444 646 2498 aduersar,
677 2442 782 2491 sacr.
815 2458 924 2491 tom.
954 2456 991 2489 Ι.
1012 2440 1088 2487 lib.
1114 2455 1153 2498 5.
1172 2457 1268 2505 cap.
1286 2457 1328 2501 7.
1362 2444 1395 2500 §.
1424 2456 1494 2499 ις,
1528 2455 1571 2487 et
1604 2438 1790 2487 Vrsinus
1819 2437 2000 2486 analest.
2030 2435 2136 2485 sacr.

199 2526 246 2571 P.
280 2538 313 2567 1.
334 2536 432 2583 pag.
457 2525 532 2580 84.
553 2530 596 2562 et
619 2517 764 2561 Henr.
787 2515 867 2558 Iac.
889 2528 911 2556 a
931 2506 1178 2573 Bashuysen
1201 2509 1256 2555 de
1276 2509 1447 2556 vexillo
1469 2506 1635 2556 Christi
1656 2510 1776 2555 inter
1795 2522 1950 2569 gentes
1973 2504 2136 2553 ereslo.

201 2586 422 2647 Scritestae
449 2599 587 2646 1717.
656 2585 727 2628 De
759 2583 1040 2628 Graecorum
1071 2575 1205 2640 fignis
1236 2593 1278 2624 et
1316 2577 1497 2624 vexillis
1531 2576 1637 2624 vide
1667 2573 1929 2623 Pfeifferum
1970 2579 2023 2620 A.
2054 2577 2138 2621 Gr.

204 2651 349 2713 lib.'3.
378 2669 469 2713 cap.
497 2667 572 2708 ας.
642 2649 778 2714 Apud
799 2650 1029 2693 Romanos
1048 2645 1269 2692 Romulus
1298 2646 1500 2710 primum
1530 2644 1761 2707 manipulo
1789 2639 1915 2689 foeni
1943 2639 2045 2689 vsus
2078 2637 2138 2688 est

203 2724 306 2771 loco
330 2718 508 2771 vexilli,
547 2717 670 2766 vnde
689 2716 852 2765 milites
878 2711 1078 2764 eiusdem
1105 2712 1218 2778 figni
1248 2713 1547 2780 manipulares
1578 2709 1686 2761 diat
1706 2707 1839 2776 sunt,
1883 2724 1935 2760 vt
1962 2723 2140 2777 praeter

1774 2778 1783 2787 χ
2031 2775 2139 2828 Oui?
