2263 3027
835 40 1140 94 SPECVLA
1177 53 1271 93 etc.
1899 59 1984 96 101
1995 57 2023 107 5

15 201 18 205 -
77 168 249 227 demiae
279 164 631 232 inscriptionum
666 179 711 215 et
736 164 912 214 Paullus
943 165 1177 214 Theodor.
1213 167 1462 232 Carpouius
1504 161 1709 214 dissertat.
1738 163 1926 214 secunda
1968 168 2021 214 ad

75 239 210 284 Deut.
234 239 372 284 XXII.
401 251 439 295 ς.
470 233 703 282 3οῆοείύί
732 247 870 294 1752.
931 236 1040 280 Sunt
1071 235 1228 292 etiam,
1264 237 1340 297 qui
1375 234 1698 296 chalybeorum
1733 232 2019 298 speculorum

4 329 7 331 ·
75 305 355 350 mentionem
376 300 475 349 fieri
497 299 733 349 obseruent
755 301 900 347 Exodi
920 303 1167 351 XXXVIII.
1195 309 1237 356 8.
1287 301 1403 348 Vide
1431 300 1522 349 ath
1558 302 1851 348 Eruditorum
1881 316 2018 365 1714.

57 387 116 434 p.
133 386 242 430 205.
284 370 420 417 Andr.
443 372 554 417 Dan.
578 366 883 415 Habicliorstii
905 383 948 415 et
970 371 1094 417 Ioan.
1117 367 1338 414 Munsteri
1368 367 1529 416 differt.
1564 370 1616 414 de
1647 369 1912 416 mulieribus
1931 371 2017 415 Zo-

73 436 224 483 beoth.
248 436 365 483 Rost.
397 443 533 492 1688.
555 449 598 482 et
625 434 776 483 Aboae
809 451 888 494 ¹7¹
904 450 942 482 2.
979 432 1091 482 Vsus
1112 436 1437 481 metallicorum
1458 434 1741 500 speculorum
1766 435 2016 484 exolescere

73 507 224 567 coepit
246 502 417 551 saeculo
438 505 532 549 XV.
566 519 620 548 ex
641 519 730 565 quo
756 501 1004 564 crystallina
1030 504 1260 565 vitreaque
1289 502 1457 566 vbique
1488 500 1765 566 frequentata
1785 501 1893 550 sunt.
1932 505 2017 550 Ni-

73 573 299 633 cephorus
312 575 535 632 Gregoras
563 570 616 615 ad
639 569 869 633 Synesium
897 586 935 632 p.
954 584 1063 630 419.
1092 570 1170 620 ἐισὶ
1197 590 1275 631 &qq
1306 566 1358 636 ἐξ
1385 572 1519 621 ύὲλων
1552 568 1826 636 κάτοπτρα,
1854 593 1930 635 κρῆ
1968 571 2013 623 ἐκ

72 634 238 704 σιδήρου
260 660 336 701 Ψ
357 637 406 704 ἐξ
426 636 560 694 ἄλης
582 633 703 695 ὕλης.
774 636 1068 701 Speculorum
1107 635 1184 682 vsu
1212 639 1322 682 viris
1355 638 1629 685 interdicunt
1653 637 1866 693 Rabbini,
1907 639 2013 687 vide

69 706 230 751 Dauid.
256 706 392 751 Millii
412 702 574 762 differt.
593 702 768 751 selesias
790 721 888 768 pag.
907 719 1013 766 ²²4·
1037 704 1141 749 edit.
1163 700 1389 750 secundae.
1456 707 1626 750 Eorum
1647 702 1774 761 vsurn
1811 703 2013 755 defendit

67 773 287 837 Apuleius
307 774 351 818 in
374 771 618 835 Apologia,
653 775 816 817 Seneca
842 785 984 817 natur.
1009 769 1166 833 quaest.
1189 787 1224 816 c.
1249 785 1316 832 ¹7.
1338 785 1380 817 et
1405 772 1630 818 Phaedrus
1656 775 1734 820 III.
1751 782 1790 829 8.
1848 777 1917 820 De
1938 791 2011 821 eo-

65 856 168 886 rum
195 841 313 904 apud
331 841 502 885 veteres
521 834 602 885 vsu
622 838 728 885 vide
749 833 1131 884 Montfauconum
1154 841 1213 882 T.
1243 854 1282 897 3.
1304 836 1606 901 supplementi
1630 855 1675 902 p.
1706 855 1778 902 54.
1800 838 1864 903 sq.
1940 844 2010 890 De

66 906 242 954 vmbella
269 903 427 952 confer
456 905 597 952 Paulli
625 905 793 953 Mariae
823 903 1049 950 Pacciaudi
1078 899 1458 970 σκιαὸιοφέςημω,
1496 904 1583 951 siue
1607 906 1661 950 de
1690 907 1909 954 vmbellae
1930 926 2011 970 ge-

64 973 251 1020 statione
274 973 648 1020 commentarium
664 1009 676 1028 ,
698 975 866 1018 Romae
894 976 1087 1033 1753L4.
1128 974 1195 1016 De
1215 987 1433 1016 cereorum
1460 968 1540 1018 vsu
1564 968 1737 1018 Voffius
1762 976 1838 1019 1V.
1857 990 1930 1034 29.
1954 976 2009 1021 de

63 1041 317 1088 idololatria
339 1057 381 1087 et
404 1041 602 1087 laudatus
622 1044 683 1086 10.
708 1043 817 1086 Fa'e‘s
842 1037 959 1084 libro
983 1036 1250 1084 Helmstadii
1287 1048 1426 1096 1718}
1445 1054 1492 1101 4.
1530 1038 1649 1087 edito
1685 1038 1739 1086 de
1769 1043 1906 1087 cereis
1934 1059 2010 1106 pa-

62 1105 295 1155 schalibus.
372 1112 441 1154 De
462 1109 638 1167 origine
662 1121 704 1154 et
722 1105 999 1152 institutione
1023 1103 1349 1151 beiiediffionis
1371 1105 1650 1152 candelarum
1676 1108 1748 1153 vel
1772 1123 2007 1158 cereorum

61 1175 111 1222 in
137 1173 372 1222 festiuitate
406 1172 728 1239 purificationis
754 1174 923 1220 Mariae
955 1172 1043 1233 agit
1074 1171 1272 1233 Angelus
1295 1174 1441 1218 Rocca
1466 1173 1513 1218 in
1543 1170 1749 1220 thesauro
1774 1177 2006 1238 antiquita-

61 1256 158 1289 tum
178 1241 280 1288 sacr.
300 1245 358 1287 T.
378 1256 415 1289 1.
440 1258 483 1305 p.
501 1254 611 1298 214.
636 1238 697 1305 sq.
746 1243 814 1287 De
833 1237 1036 1286 coloribus
1064 1252 1106 1287 et
1128 1239 1360 1302 quomodo
1390 1238 1506 1302 apud
1532 1242 1727 1287 Graecos
1753 1258 1800 1287 ac
1824 1244 2008 1298 Latinos

61 1309 418 1374 appellarentur,
450 1307 616 1355 librum
639 1309 865 1372 promittit
884 1303 1111 1354 Salmasius
1130 1323 1228 1370 pag.
1257 1321 1362 1362 109.
1385 1303 1520 1370 Epist.
1551 1307 1863 1372 videndusque
1894 1311 2005 1358 inte-

61 1379 150 1423 rim
175 1376 395 1423 Antonius
419 1374 660 1438 Thy-lelius
683 1374 838 1423 libello
863 1373 917 1422 de
949 1371 1198 1428 coloribus,
1236 1369 1388 1421 recuso
1411 1388 1537 1420 tomo
1561 1377 1633 1424 IX.
1657 1373 1850 1425 thesauri
1875 1379 2006 1425 Anti-

62 1444 234 1508 quitatt.
255 1445 540 1492 Graecarum.

72 1637 78 1641 -
193 1582 338 1627 XVII.
373 1583 443 1629 De
463 1584 558 1628 vita
582 1582 761 1647 priuata
779 1581 1092 1635 Romanorum
1113 1593 1157 1626 et
1182 1578 1527 1642 quomodo.viri
1548 1576 1722 1625 honesti
1745 1577 1863 1626 diem
1882 1575 2003 1644 soliti

61 1642 147 1693 sint
167 1646 427 1710 transigere,
466 1646 788 1695 dissertationes
810 1648 916 1694 duas
939 1651 1003 1694 Io.
1026 1652 1146 1712 Bapt.
1171 1649 1378 1694 Conturii
1405 1643 1585 1693 insertas
1606 1646 1739 1693 habes
1763 1647 2002 1693 Memoriis

59 1715 342 1761 Treuoltinis
368 1721 418 1763 A.
439 1722 577 1776 1708.
597 1715 678 1764 Iul.
699 1733 798 1780 pag.
817 1713 1031 1778 1158.sq.
1052 1730 1095 1761 et
1117 1720 1251 1760 Anno
1284 1729 1422 1775 1709.
1446 1712 1625 1775 August.
1650 1731 1748 1778 pag.
1782 1721 1917 1771 ¹4¹8·
1939 1710 2003 1776 sq.

61 1797 249 1844 quarum
283 1784 437 1846 priore
465 1783 597 1828 horas
629 1782 717 1828 diei
744 1797 843 1829 ante
871 1784 1129 1835 meridiem,
1177 1782 1308 1827 altera
1339 1782 1669 1845 pomeridianas
1706 1778 2002 1844 persequitur.

59 1846 241 1894 Duabus
261 1850 346 1894 illis
367 1850 541 1895 tertiam
565 1850 764 1896 eiusdem
786 1851 993 1896 Couturii
1011 1849 1066 1896 de
1087 1849 1278 1901 ieiunio,
1317 1865 1454 1895 coena
1475 1864 1516 1894 et
1537 1848 1726 1912 prandio
1748 1846 2001 1895 adiunstam

61 1914 196 1963 habes
217 1916 265 1960 in
285 1930 411 1961 tomo
435 1913 628 1963 secundo
650 1918 970 1962 memoriarum
998 1913 1618 1979 academiae‚Inscriptionum
1651 1932 1747 1979 pag.
1769 1928 1880 1971 422.
1909 1913 2001 1978 sqq.

58 1986 128 2029 De
158 1998 260 2028 cura
290 1980 527 2030 domestica
560 1987 869 2030 Romanorum
906 1981 1227 2029 dissertationes
1256 1998 1446 2044 quatuor
1474 1986 1520 2030 B.
1554 1982 1755 2046 Philippi
1779 1982 2000 2028 Ludouici

60 2048 354 2097 Hannekenii
373 2063 479 2103 tunc
497 2049 742 2097 admodum
771 2051 970 2103 iuuenis,
1008 2048 1156 2114 postea
1188 2051 1305 2096 inter
1325 2049 1593 2109 Theologos
1625 2048 1798 2094 nostros
1831 2064 1998 2095 nornen

62 2117 181 2165 haud
202 2112 438 2161 obscurum
455 2112 714 2178 consequuti
733 2117 1002 2180 prodierunt
1014 2115 1187 2166 Gieffae
1208 2122 1399 2176 1669.4-
1421 2130 1464 2161 et
1483 2131 1608 2160 torno
1637 2116 1788 2178 primo
1808 2113 1999 2162 thesauri

60 2183 352 2245 Sallengriani
375 2199 473 2245 pag.
495 2196 634 2240 1243.
656 2179 748 2245 sqq.
769 2185 956 2246 quarum
977 2185 1123 2246 prima
1143 2181 1203 2230 est
1232 2183 1286 2227 de
1317 2181 1474 2242 ritibus
1498 2182 1762 2244 quibusdam
1794 2183 1999 2246 nuptiali—

64 2252 146 2303 bus
167 2266 209 2298 et
231 2247 424 2296 vestibus
445 2249 749 2312 priuatorum:
785 2250 917 2310 altera
940 2250 994 2296 de
1014 2247 1153 2296 seruis
1178 2263 1220 2294 et
1243 2249 1487 2302 conuiuiis,
1524 2250 1651 2295 tertia
1671 2249 1727 2294 de
1747 2248 1899 2296 liberis
1924 2265 1997 2296 εο-

58 2326 251 2381 rumque
272 2333 374 2362 cura
397 2330 440 2362 et
462 2313 643 2361 vestitu:
679 2332 829 2378 quarta
852 2318 1044 2380 denique
1066 2316 1120 2362 de
1140 2314 1271 2361 bonis
1293 2329 1335 2360 et
1353 2313 1657 2370 facultatibus,
1689 2317 1826 2377 agris,
1863 2332 1995 2381 pecu-

59 2387 133 2434 nia
150 2401 198 2431 et
221 2380 363 2430 censu.
399 2386 470 2428 De
489 2379 669 2429 venusta
687 2383 804 2446 apud
829 2386 1034 2447 antiquos
1055 2383 1352 2437 humanitate,
1385 2399 1517 2444 quam
1538 2383 1797 2445 ciuilitatem
1819 2398 1995 2436 vocant,

61 2456 125 2500 Io.
147 2452 309 2499 Matth.
331 2447 555 2497 Gesnerus
576 2452 630 2495 V.
651 2451 698 2496 C.
721 2466 910 2512 quatuor
930 2449 1209 2515 prolusiones
1234 2449 1373 2496 edidit
1395 2448 1568 2513 Lipsiae
1598 2463 1734 2511 1732.
1757 2447 1818 2514 sq.
1865 2451 1995 2501 Adde

58 2524 124 2567 10.
142 2523 297 2566 Franc.
316 2519 511 2564 Simonis
533 2513 879 2564 dissertationem
908 2519 962 2581 de
991 2518 1151 2564 eodem
1178 2532 1443 2578 argumento
1462 2518 1511 2563 in
1539 2515 1722 2564 historia
1749 2517 1995 2565 academiae

57 2584 408 2650 Inscriptionum
427 2599 553 2630 tomo
573 2585 723 2648 primo
745 2601 788 2649 p.
803 2593 881 2645 83.
904 2582 965 2648 sq.
986 2600 1027 2631 et
1048 2584 1264 2632 Gedoinii
1291 2580 1637 2632 dissertationem
1667 2583 1722 2631 de
1743 2584 1994 2633 vrbanitate

60 2656 396 2709 Romanorum,
416 2666 543 2701 tomo
565 2649 722 2700 osi-auo
748 2653 1070 2714 memoriarum
1092 2651 1336 2700 academiae
1355 2648 1704 2717 Inscriptionum
1728 2669 1772 2719 p.
1788 2650 1996 2719 327.sqq.

1042 2721 1147 2769 Ccc
1176 2731 1206 2770 2
1951 2733 1996 2770 et
