2263 3027
893 40 1198 94 GENERA.
1909 60 1934 109 ς
1940 60 2007 112 97

201 171 464 220 Belomantia
482 186 538 219 ex
555 169 657 221 telis
672 168 751 218 -vel
777 167 947 216 bacillis
969 166 1194 232 proieffis.
1228 167 1386 215 Delrio
1410 165 1623 232 disquisit.
1648 169 1811 230 Magic.
1834 186 1874 235 p.
1891 176 2003 223 621.

66 239 284 297 Albertus
305 240 538 288 Schultens
562 242 621 287 V.
644 242 692 286 C.
724 239 771 283 in
799 233 1185 283 obseruationibus
1207 235 1406 284 Arabicis
1436 237 1489 283 ad
1522 238 1617 283 Vet.
1647 235 1766 283 Test.
1797 254 1840 285 et
1869 239 2005 285 inter-

70 309 298 374 pretesad
328 325 346 353 1
364 311 476 355 Sam.
491 308 583 360 XX,
607 319 683 355 20.
701 319 745 351 et
765 305 926 352 Ezech.
949 306 1064 356 XXI,
1090 318 1169 356 21.
1201 302 1320 351 infra
1341 306 1387 351 in
1411 303 1780 362 Rhabdomantia.
1855 304 1928 352 Est
1961 320 2005 353 et

70 377 191 423 aliud
210 393 350 438 genus
373 370 613 437 sortilegii,
648 389 739 436 quo
764 388 953 420 Vtuntur
977 371 1154 429 Arabes,
1180 390 1263 437 per
1283 374 1366 419 tria
1385 373 1494 426 tela,
1525 389 1721 438 quorum
1756 375 1836 420 vni
1856 371 2006 421 inscri-

68 458 200 508 ptum
224 442 297 498 est,
318 442 414 489 iube
436 460 500 489 me
509 445 686 489 Domine
696 457 712 495 ;
736 440 862 486 alteri
877 439 1052 506 prohibe
1069 457 1133 486 me
1155 444 1330 487 Domine
1337 458 1354 496 ;
1375 442 1508 487 tertio
1524 438 1787 505 inscriptum
1802 440 1861 488 est
1875 433 2004 489 nihil.

69 514 137 558 Ex
160 512 230 559 his
250 509 372 559 sacco
390 508 570 557 inclusis
587 525 731 554 vnum
753 509 959 562 extrahit,
979 510 1056 572 qui
1071 525 1185 573 opus
1196 508 1375 572 aliquod
1391 509 1743 570 aggrediendum
1764 507 1815 556 sit
1837 526 1918 556 nec
1932 526 2003 565 ne,

70 578 255 626 dubitat.
290 580 334 626 Si
356 579 536 624 tertium
555 578 629 623 cui
647 576 763 622 nihil
784 573 1051 641 inscriptum
1072 575 1134 623 est
1153 578 1418 630 extraxerit,
1446 574 1612 625 sortem
1637 578 1789 624 iterata
1810 579 1910 624 vice
1930 593 1999 624 ext

67 649 210 710 periri
237 645 425 709 co'gitur.
460 645 579 691 Vide
590 643 832 691 Herbeloti
847 645 957 694 Bibl.
970 644 1192 694 Oriental.
1209 645 1258 691 in
1279 660 1392 691 voce
1406 645 1562 693 Acdah
1583 663 1627 711 p.
1641 661 1777 704 420et
1788 646 2001 694 Pocockii

6 772 9 775 ι
68 711 249 780 specim.
275 712 446 762 Arabic.
471 729 515 777 p.
540 727 651 775 327.
728 723 731 726 ⁴

197 780 524 829 BotanOmantia
544 799 598 828 ex
620 779 786 828 herbis.
821 784 1028 828 Potterus
1050 797 1096 845 p.
1114 792 1226 841 339.
1259 779 1494 843 Bulenger,
1515 781 1593 829 lib.
1610 798 1648 844 3.
1670 799 1704 829 c.
1718 795 1799 843 24.

194 852 262 897 Ex
284 852 410 895 Bouis
428 855 606 913 mugitu.
641 850 897 913 Dausquius
918 848 972 895 ad
991 848 1150 895 Silium
1173 848 1374 894 Italicum
1396 866 1439 912 p.
1467 857 1578 904 208.

146 981 148 983 Ι
199 920 558 981 Ege-mmmmm,
578 910 876 984 διὀἱνωι-ομῆς
895 915 1092 984 βρεφῶν,
1114 912 1312 982 quavsus
1325 918 1600 971 Maxentius,
1639 918 2000 978 Zonar.Tom.3‚

62 998 162 1048 pag.
183 995 218 1030 1.
237 986 559 1049 Theophanes.
581 1002 627 1050 p.
656 1000 727 1034 10.
905 1004 910 1011 ¹

64 1116 79 1164 1
147 1116 175 1165 b
202 1055 547 1117 Βρεχομαντεῖοι
566 1071 627 1100 ex.
642 1054 818 1119 pluuia,
847 1069 984 1119 quam
1011 1050 1189 1100 ¹Jonum
1219 1068 1358 1100 omen
1389 1050 1557 1100 habent
1574 1053 1720 1100 Turci
1740 1065 1954 1102 exeuntes
1976 1065 2001 1098 e

83 1119 145 1164 ari
181 1136 230 1166 us
250 1117 352 1169 suis,
377 1125 430 1172 A.
486 1158 494 1167 .
554 1138 596 1170 2.

197 1188 430 1234 Diuinatio
451 1138 686 1255 {raptura
706 1186 825 1247 bilis,
847 1189 943 1250 igni
970 1185 1256 1252 superposita.
1294 1187 1443 1240 Schol,
1466 1188 1697 1252 Euripidis
1707 1184 1932 1236 Phoeniff.
1944 1191 2001 1236 V.

65 1259 212 1366 1¹1²?
235 1252 326 1317 seq.
363 1255 541 1302 Ibidem
570 1257 628 1303 de
657 1256 936 1303 diuinatione
963 1274 991 1303 e
1021 1254 1386 1316 caudafflimae,
1414 1256 1652 1321 quomodo
1684 1257 1738 1304 ad
1758 1258 1911 1319 ignem
1934 1258 2000 1304 in‹³

50 1324 55 1367 f
101 1321 151 1366 ei.
172 1335 333 1367 eretur.

199 1389 479 1448 Caffemantia
500 1387 684 1435 ludicra.
719 1391 784 1435 La
798 1387 1029 1450 Bagatelle.
1053 1390 1115 1434 T.
1138 1403 1183 1452 3.
1205 1406 1251 1454 p.
1277 1396 1333 1444 18
1348 1404 1383 1438 1.

192 1457 337 1502 Diuus
357 1455 578 1517 Augustus
600 1456 777 1502 laeuum
797 1455 876 1502 {ibi
893 1455 1098 1520 prodidit
1117 1458 1293 1503 calceum
1314 1454 1599 1521 praepostere
1618 1455 1875 1513 industum,
1903 1475 1997 1523 quo

65 1523 138 1569 die
155 1519 371 1570 seditione
393 1523 574 1570 militari
593 1524 934 1588 propemodum
955 1521 1142 1570 affiistus
1164 1523 1237 1571 est.
1277 1526 1446 1571 Plinius
1471 1527 1532 1572 H.
1557 1527 1618 1571 N.
1640 1527 1667 1572 l.
1683 1539 1724 1577 2.
1747 1544 1780 1575 c.
1802 1541 1848 1587 7.
1884 1528 1998 1576 adde

63 1593 244 1637 Sueton.
268 1591 315 1636 in
338 1589 536 1652 Augusto
560 1608 593 1638 c.
616 1605 695 1652 92.
1939 1607 1941 1609 ·

143 1710 145 1712 v
197 1661 406 1724 Campana
426 1656 671 1722 spontaneo
693 1655 822 1722 pulsu
846 1655 994 1704 futura
1015 1654 1294 1721 praesagiens
1317 1658 1498 1704 Vililiae
1522 1659 1564 1704 in
1577 1675 1720 1722 regno
1734 1663 1996 1723 Aragoniae,

62 1724 201 1782 Relar.
221 1726 433 1772 innoxiae
453 1732 505 1773 A.
537 1741 673 1786 1721.
694 1723 924 1790 p.734sq.
964 1729 1028 1772 Io,
1050 1729 1123 1774 Fr.
1148 1730 1364 1789 Mayerus
1386 1724 1531 1773 Musei
1550 1731 1607 1772 T.
1627 1743 1661 1774 1.
1687 1746 1728 1793 p.
1745 1737 1798 1786 65
1814 1738 1840 1785 8
1863 1727 1931 1793 sq.

192 1794 423 1839 Diuinatio
445 1811 469 1840 e
491 1810 643 1839 canum
664 1793 834 1855 occurfic
853 1793 927 1840 vel
945 1795 1128 1842 latratu.
1168 1798 1361 1841 Tzetzes
1387 1795 1502 1841 Chil.
1527 1798 1609 1841 XII
1617 1799 1649 1847 1,
1672 1794 1791 1846 vers.
1818 1815 1842 1843 2
1856 1816 1873 1845 1
1887 1815 1928 1856 3.

194 1862 490 1925 Capnomantia
511 1879 565 1908 ex
587 1859 730 1910 fumo.
768 1861 1044 1923 Bulengerus
1067 1861 1146 1913 lib.
1162 1877 1204 1924 3.
1227 1879 1318 1926 cap.
1345 1879 1416 1923 23.
1455 1867 1660 1910 Potterus
1680 1861 1762 1914 fol.
1776 1880 1802 1930 3
1818 1883 1891 1926 13,
1910 1869 1994 1913 An

64 1925 234 1971 chaeol.
271 1929 469 1974 Crinitus
489 1933 651 1985 xxiii,
678 1947 717 1985 3.
759 1929 1014 1976 Alexander
1032 1929 1086 1976 ab
1111 1931 1368 1977 Alexandro
1391 1934 1469 1985 IV,
1498 1945 1568 1991 17.

200 1994 362 2055 C'aragi
386 1992 585 2057 sortilegi
614 2015 636 2042 a
659 1995 985 2044 charasteribus
1010 2000 1192 2061 magicis
1215 1998 1437 2045 dicuntur.
1490 2002 1561 2045 De
1589 2000 1659 2046 his
1684 2016 1862 2066 praeter
1884 2002 2006 2048 Can-⁷

63 2060 189 2120 gium
212 2061 257 2106 in
280 2059 525 2126 Gloss‘ario,
553 2065 753 2112 Ealuzius
773 2066 826 2112 ad
847 2065 1010 2116 homil.
1041 2082 1112 2115 12.
1142 2063 1331 2114 Caesarii
1351 2066 1517 2114 Arelat.
1538 2071 1678 2114 Toni.
1703 2079 1743 2121 8.
1774 2068 1888 2122 Bibl.
1919 2073 1994 2116 Pa·

63 2141 183 2173 trum
204 2144 247 2191 p.
269 2144 377 2191 342.
1670 2168 1675 2172 .

197 2195 556 2258 Castrommantia
576 2198 712 2246 verba
732 2201 946 2263 quaed-am
969 2202 1086 2248 intra
1102 2202 1260 2249 dentes
1282 2201 1547 2250 muffitando
1579 2200 1715 2269 super
1733 2207 1854 2253 vitro
1881 2220 1993 2270 aqua

63 2262 252 2326 repleto,
276 2281 375 2309 eum
400 2281 525 2310 cereo
547 2265 742 2315 accenso.
765 2275 816 2319 Α,
837 2286 866 2333 p
902 2285 980 2329 95.
1602 2286 1604 2288 ’
1778 2280 1780 2282 ’

146 2357 154 2367 -
194 2335 561 2397 Catoptromantia
580 2350 660 2397 per
681 2333 854 2399 specula
876 2338 1066 2398 Magica.
1103 2335 1378 2400 Bulengerus
1399 2339 1474 2386 lib.
1492 2356 1694 2405 3.cap.7.
1729 2338 1990 2387 Rosweidus

65 2396 117 2443 ad
147 2400 296 2514 Vitaiin'
329 2402 367 2446 S.
396 2400 648 2447 Hilarionis
676 2419 773 2466 pag.
798 2409 876 2453 ⁶6.
906 2401 994 2468 seq.
1051 2401 1177 2469 Casp.
1212 2408 1420 2454 schottus
1450 2407 1621 2471 Phyfic.
1651 2404 1807 2454 curios.
1847 2407 1922 2454 lib.
1943 2424 1993 2472 4,

66 2480 108 2527 p-
123 2475 239 2526 636.
281 2484 325 2530 q.

212 2535 524 2589 Chiromantia,
543 2545 633 2587 Τῆ
655 2547 826 2590 ΞἾΕΞΓῚ,
848 2538 902 2584 de
925 2556 1010 2603 qua
1028 2544 1095 2588 Io.
1121 2544 1257 2587 Conr„
1280 2540 1530 2588 Dietericus
1556 2545 1599 2588 in
1625 2543 1905 2605 Antiquitatt.
1925 2543 1994 2590 Bi-

65 2595 191 2644 blicis
211 2605 265 2648 V.
285 2606 341 2648 T.
362 2621 406 2667 p.
436 2620 528 2664 309
552 2600 612 2667 sq.
636 2606 687 2649 ad
713 2605 809 2650 lobi
835 2609 1058 2658 XXXVH,
1084 2622 1130 2666 7,
1168 2605 1423 2653 Franciscus
1446 2608 1655 2655 Vallelius
1678 2609 1732 2655 de
1756 2608 1869 2657 sacra
1890 2612 1991 2657 Phi-

64 2662 264 2731 losophia
285 2687 377 2735 cap.
396 2689 468 2730 32.
492 2689 536 2737 p.
562 2687 617 2719 21
635 2689 651 2721 1
678 2668 739 2736 sq.
775 2673 998 2721 Cardanus
1029 2676 1082 2721 de
1104 2676 1508 2790 reg-uftpVarietate
1533 2694 1628 2743 cap.
1651 2692 1731 2740 79.
1765 2682 1921 2725 Tomo
1950 2694 1990 2737 3.
