2263 3027
425 116 430 122 ’
473 110 989 173 SCRIPTORES
1055 108 1607 193 GENERALES.,U
1918 124 1985 175 τις

51 235 127 291 *bus
145 243 379 291 Schmidz'us
400 243 507 291 item
529 244 579 289 in
599 241 767 290 biblico
789 238 1036 299 Historico.
1068 237 1241 305 Lipsiae
1261 234 1399 301 172'8.
1475 238 1612 299 Cuius
1624 235 1730 286 libri
1747 238 1795 287 in
1809 235 1984 306 septem

53 310 277 359 distributi
296 327 446 377 partes
465 328 568 376 pars
590 309 749 356 vltima
768 310 1049 372 antiquitates
1061 309 1249 356 iudaicas
1260 305 1559 373 persequitur.
1625 310 1681 356 Et
1702 308 1857 375 Caspar
1872 307 1981 357 Abe-

50 380 131 426 lius
151 382 196 426 in
218 380 554 445 antiquitatibus
586 378 782 424 iudaicis.
823 376 1100 439 Gardelegae
1140 381 1277 437 1736.
1317 384 1360 432 8.
1399 378 1477 442 qui
1505 392 1652 424 tamen
1684 375 1800 428 liber
1825 378 1982 442 potius

50 446 282 495 historiam
303 448 448 510 gentis
468 445 697 499 hebraeae,
735 463 867 508 quam
890 461 1136 492 accuratam
1156 443 1467 508 antiquitatum
1495 444 1808 492 hebraicarum
1840 459 1984 508 expo-

50 514 255 562 sitionem
277 513 471 562 exhibet.
540 515 729 576 Anglica
751 515 903 574 lingua
941 515 1117 560 Thomas
1149 516 1348 560 Goodwin
1371 515 1418 561 in
1438 510 1579 560 ‘Mose
1611 527 1653 559 et
1675 518 1852 568 Aaron,
1887 511 1980 571 flue

51 584 107 629 de
129 583 285 629 ritibus
314 597 358 629 et
400 581 739 646 antiquitatibus
768 581 1000 636 hebraicis,
1027 583 1104 645 qui
1136 599 1189 627 ex
1211 583 1448 629 vernacula
1475 578 1645 647 saepius
1676 580 1832 637 editus,
1869 580 1981 628 hinc

48 651 224 713 Belgice
243 640 439 714 quoque,
473 651 659 697 Daniele
679 651 844 697 Peenio
868 652 1127 714 interprete,
1161 647 1338 696 recusus
1367 646 1485 716 apud
1515 654 1700 699 Batauos
1731 645 1978 695 Amstelod.

52 728 192 778 1694.
211 714 271 772 ’8.
307 734 350 764 et
371 719 506 765 latine
525 735 627 765 cum
661 719 780 765 notis
814 717 1025 764 breuibus
1046 720 1110 762 Io.
1139 719 1332 764 Henrici
1360 719 1537 772 Reitzii‚
1569 722 1753 765 Bremae
1781 722 1905 776 1679
1932 728 1978 762 et

46 782 168 832 sexta*
188 785 289 830 vice
309 778 415 832 ibid.
443 799 582 845 1722.
621 793 674 846 8.ν
703 803 806 832 cum
843 789 975 831 nouis
1005 785 1206 831 eiusdem
1230 786 1415 832 editoris
1446 782 1904 832 animaduersionibus
1933 796 1979 831 et

45 856 208 901 Herm.
230 851 376 900 Witfii
395 851 600 905 dissertat.
636 854 807 918 duplici
834 853 888 900 de
918 855 1162 900 theoct-ntia
1195 850 1428 900 Israelitica
1447 869 1493 900 et
1521 851 1788 900 Rechabitis.
1856 853 1979 899 Cum

44 917 264 967 clariffimi
288 923 411 967 Ioan.
435 923 629 968 Henrici
653 922 920 983 Hottingeri
941 922 1155 986 Nepotis,
1177 923 1296 982 notis
1329 936 1372 968 et
1405 918 1862 968 animaduersionibus
1884 920 1979 983 pri·

42 995 117 1034 nia
136 989 236 1035 vice
259 985 466 1038 Francos.
489 990 542 1036 ad
566 993 723 1036 Moen.
746 1004 883 1051 1710.
922 996 967 1043 8.
1003 1002 1049 1037 et
1077 989 1260 1035 dem'um
1290 990 1434 1051 Lugd.
1458 993 1604 1037 Batav.
1637 1003 1771 1049 1724.
1812 997 1854 1043 8.
1904 987 1979 1034 cui

40 1053 309 1102 accesserunt
329 1057 516 1104 Laudati
536 1059 679 1104 Reizii
703 1064 854 1110 notae,
892 1072 935 1104 et
956 1059 1153 1103 Taconis
1173 1075 1260 1103 van
1287 1057 1374 1104 den
1403 1061 1588 1105 Honert
1613 1053 1830 1122 praefatio
1855 1070 1978 1101 com-

34 1123 314 1171 mendatitia.
390 1127 603 1188 Denique
625 1141 726 1171 cum
760 1122 1030 1188 amplissimo
1049 1126 1156 1175 ,Viri
1179 1126 1226 1170 in
1259 1126 1348 1171 hoc
1380 1127 1629 1185 litterarum
1645 1140 1827 1190 genere
1863 1119 1980 1168 sum-

37 1192 104 1237 mi
124 1194 245 1238 Ioan.
267 1191 461 1239 Gottlob
493 1194 749 1257 Carpzouii‚
783 1192 1016 1253 Theologi
1050 1193 1105 1238 de
1133 1191 1308 1239 ecclefia
1337 1195 1514 1257 puriori
1543 1194 1680 1255 longe
1709 1187 1979 1249 meritiffimi

39 1261 366 1306 commentario
400 1261 459 1306 ita
490 1260 743 1325 expolitum
773 1258 834 1306 est
868 1260 1119 1308 Goodwini
1150 1261 1489 1323 compendium,
1523 1278 1575 1308 vt
1604 1263 1692 1307 iam
1729 1257 1978 1324 systematis

37 1342 210 1373 nomen
223 1328 387 1373 merito
398 1330 516 1375 tueri
531 1343 673 1392 queat.
688 1328 864 1389 Belgica
886 1327 1039 1390 lingua
1052 1329 1206 1373 Daniel
1217 1329 1251 1372 le
1261 1331 1351 1390 Roy
1364 1330 1411 1374 in
1425 1327 1760 1394 antiquitatibus
1775 1327 1975 1380 ittdaicis,

35 1394 491 1454 Roterodami1702.
527 1403 575 1448 8.
615 1411 658 1439 et
674 1395 1104 1455 Jac.Lcydecke·rusin
1122 1393 1462 1448 Adamo,Mose
1486 1412 1528 1444 et
1542 1395 1733 1445 Christo,
1778 1394 1975 1442 ·Gallica
2017 1391 2019 1394 ’

36 1459 206 1507 Iacobus
226 1461 436 1525 Infantius
455 1460 700 1524 (L'E73fant)
721 1461 768 1505 in
792 1459 958 1507 introd.
991 1461 1038 1505 in
1062 1463 1125 1504 N.
1149 1465 1208 1506 T.
1241 1462 1407 1521 gallicae
1435 1467 1500 1512 N.
1534 1468 1593 1510 T.
1624 1462 1836 1519 versioni,
1873 1480 1895 1508 a
1930 1458 1976 1509 se

36 1526 282 1576 Amstelod.
318 1535 460 1585 1718.
491 1528 728 1589 4.‘editae‚
760 1523 1015 1589 praemissa:
1054 1543 1185 1588 quam
1219 1529 1267 1572 in
1299 1531 1600 1587 germanicam
1633 1531 1834 1591 linguam
1868 1545 1975 1575 con·

34 1592 205 1641 uersam
231 1592 405 1658 Lipsiae
430 1607 569 1655 1730.
603 1601 645 1648 8.
683 1594 823 1640 edidit
844 1596 965 1639 Ioan.
989 1597 1063 1640 Fr.
1086 1591 1277 1640 Christo.
1309 1595 1496 1642 Ernesti.
1565 1600 1622 1643 Et
1647 1599 1840 1642 Clau-dius
1862 1598 1976 1643 Fleu-

33 1678 94 1724 ry
112 1664 160 1711 in
185 1661 319 1716 libro,
341 1662 465 1708 cuius
494 1661 632 1709 index
666 1659 750 1707 est:
786 1657 1270 1716 moreslfiaelitarum.
1305 1661 1474 1709 Parisiis
1504 1671 1639 1720 1681.
1665 1664 1785 1710 edito
1819 1678 1863 1709 et
1881 1667 1976 1710 Ha·

35 1747 115 1791 gae
149 1731 384 1777 Comitum
414 1737 554 1785 1682.
599 1746 668 1778 12.
700 1726 879 1785 recusog
923 1728 1086 1774 deinde
1118 1729 1167 1774 in
1202 1729 1425 1791 Belgicam
1463 1731 1686 1792 linguam,
1726 1733 1975 1795 interprete

30 1800 91 1843 D.
114 1799 248 1845 Ghiis
268 1795 513 1844 Amstelodl
540 1810 682 1857 1702.
721 1806 766 1854 8.
807 1798 855 1842 in
877 1798 1179 1858 germanicam
1203 1813 1288 1860 per
1323 1798 1441 1845 ioan.
1462 1840 1464 1842 .
1484 1797 1771 1847 Enckhusen.
1811 1802 1976 1845 Hano-

31 1881 164 1912 uerae
197 1873 331 1926 1708.
372 1874 413 1919 8.
451 1863 683 1912 conuerso.
754 1866 843 1911 His
868 1864 1075 1920 addendi,
1102 1865 1179 1928 qui
1200 1865 1336 1911 latine
1354 1863 1566 1930 scripsere
1588 1870 1701 1914 Ioan.
1722 1868 1974 1914 Leusdcnius

32 1932 81 1978 in
102 1933 343 1994 Philologo
367 1932 581 1993 Hebraeo
604 1934 748 1979 mixto
774 1932 934 1978 Vltrai.
975 1939 1115 1988 1682.
1153 1949 1198 1989 4.
1233 1934 1433 1998 Augustus
1463 1935 1688 1998 Psezffertts
1724 1937 1745 1986 ὅ
1779 1936 1973 2001 μακαρί-

33 1998 450 2064 ‘russin-specimine
483 2002 797 2064 antiquitatum
829 1997 1046 2047 sacrarum
1081 2015 1123 2046 et
1158 2001 1510 2063 antiquitatibus*
1529 2002 1767 2058 Hebraicis
1800 2000 1974 2050 selestis

32 2063 317 2130 Lipsr1685.
358 2083 433 2117 12.
470 2070 663 2115 et-inter
694 2074 832 2133 opera
862 2067 1153 2130 Philologica.
1190 2068 1346 2114 Vltrai.
1391 2084 1529 2132 1704.
1566 2088 1608 2130 4.
1644 2070 1806 2134 quibus
1839 2071 1974 2118 addas

31 2132 135 2179 licet
168 2135 261 2180 eius
311 2139 628 2201 σκιαγραφίαν
664 2137 981 2200 antiquitatum
1032 2135 1385 2190 Hebraicarum,
1435 2154 1569 2200 quam
1615 2139 1799 2184 Witteb.
1832 2142 1972 2197 1670.

30 2201 298 2263 euulgatam,
334 2199 580 2266 mitiorem
619 2204 742 2250 dedit
762 2206 809 2250 in
843 2205 1006 2250 Critica
1035 2200 1164 2257 sacra,
1199 2221 1243 2268 p.
1263 2217 1367 2264 150.
1401 2205 1504 2264 edit.
1535 2202 1748 2253 recentiff.
1782 2222 1883 2252 cum
1904 2217 1974 2252 ac⁴

30 2266 294 2315 ceffionibus
317 2272 439 2317 Ioan.
466 2271 608 2318 Andr.
631 2273 777 2320 Mich.
804 2272 1015 2333 Nagelii„
1036 2268 1219 2318 Altorfii
1257 2286 1342 2331 175
1359 2287 1394 2319 1.
1419 2271 1613 2330 excusae,
1650 2288 1703 2320 et·
1721 2274 1970 2337 locupleta-

26 2349 118 2387 tam
142 2354 165 2383 a
183 2334 225 2383 se
247 2335 563 2385 exhibetIoan.
584 2338 715 2386 Iacob.
738 2340 897 2387 Schudt
918 2341 964 2386 in
984 2339 1170 2386 Deliciis
1190 2339 1715 2403 Hebraeo-Philologicis
1734 2339 1965 2388 Historiae

27 2402 162 2468 ipsius
185 2405 386 2450 Iudaicae
406 2400 611 2453 subiestis
635 2425 679 2472 p.
699 2424 803 2470 147.
821 2405 909 2472 seq.
925 2409 1056 2471 quiet
1075 2404 1169 2472 ipse
1188 2424 1233 2472 p.
1259 2416 1533 2469 166—177.
1558 2409 1749 2471 aliquam
1776 2405 1965 2472 scripto·

26 2477 129 2518 rum
162 2472 582 2535 de-antiquitatibus
615 2474 853 2522 Hebraicis
882 2478 1088 2522 notitiam
1122 2476 1297 2524 tradere
1329 2476 1532 2523 instituit.
1601 2479 1739 2524 Henr.
1764 2477 1846 2523 Iac.
1878 2491 1966 2523 van

26 2539 262 2606 Bashuysbn
282 2541 332 2586 in
362 2541 646 2604 Sciagraphia
673 2540 929 2606 Systematis
955 2545 1289 2607 Antiquitatum
1320 2544 1673 2597 Hebraicarum3
1723 2544 1964 2592 Hanouiae

29 2621 171 2669 3703.
205 2624 249 2667 4.
293 2621 336 2653 et
364 2606 609 2671 Systemate
643 2612 973 2674 Antiquitatum
1012 2611 1341 2658 Hebraicarum
1377 2610 1560 2656 minori.
1595 2608 1705 2661 ibid.
1742 2625 1880 2671 1715.
1917 2619 1960 2667 8.

24 2675 275 2721 Hadrianus
292 2676 506 2721 Relandm
525 2678 573 2722 in
596 2678 950 2738 Antiquitatibus
971 2675 1101 2726 sacris
1122 2693 1328 2724 veterum
1360 2676 1692 2735 Hebraeorum,
1727 2677 1851 2742 quod
1873 2677 1961 2725 ele-

22 2758 131 2804 gans
154 2743 480 2808 compendium
501 2744 675 2810 prodiit
694 2744 852 2792 Vltrai.
880 2754 1022 2806 1708.
1060 2753 1116 2827 83
1138 2759 1184 2793 et
1205 2744 1343 2809 longe
1362 2745 1633 2812 locupletius
1657 2752 1881 2862 1712.&8.
1896 2761 1957 2862 ἕο

1114 2828 1120 2830 ’
1420 2840 1423 2843 ·
1848 2829 1896 2862 m
1928 2828 1961 2864 ὃ
