2263 3027
182 84 280 137 984
344 74 494 127 CAP.
523 73 678 126 XXII.
745 69 933 129 TALI.
967 70 1073 123 ET
1098 63 1262 124 ALIA
1296 69 1653 122 LVDORVM
1687 71 1986 130 GENERA.

180 216 341 249 omnes
362 213 553 265 quatuor
580 199 656 246 tali
674 194 962 245 surrexiffent
984 195 1072 243 fiue
1093 194 1217 243 resto
1237 195 1388 258 gradu
1411 190 1634 243 stetissent.
1700 193 1795 259 Qi
1825 211 2039 246 venerem
2067 199 2127 249 i'e-
2209 234 2219 248 s

181 285 321 323 cerat,
356 283 514 315 omnes
536 282 700 314 numos
728 265 937 320 tollebat,
971 281 1085 329 quos
1118 264 1314 328 ponebat
1340 266 1419 329 qui
1450 259 1615 311 iecisset
1647 264 1914 315 caniculam:
1953 267 2031 329 qui
2055 263 2126 315 *se-

181 339 392 392 monem,
417 337 464 382 in
484 336 592 381 ludo
614 333 805 399 fimplici
825 350 1015 381 numum
1034 331 1275 397 perdebat,
1297 333 1344 378 in
1364 329 1624 396 operosiore
1651 347 1844 379 numum
1865 333 2130 383 lucrabatur.
2184 370 2188 376 .
2233 371 2237 374 .

182 401 357 452 Confer
379 403 415 452 l.
435 409 489 451 A.
513 401 750 450 Ernestum
769 403 819 449 in
842 402 955 449 claui
976 401 1270 447 Ciceroniana
1299 416 1414 447 voce
1431 400 1562 453 talus,
1608 397 1689 444 vbi
1718 397 1848 446 simul
1877 397 2132 449 differentia

181 472 377 519 talorum
406 489 430 518 a
457 468 626 518 tefferis
657 467 930 526 edifferitur3
976 467 1329 516 differtationem
1351 467 1406 515 de
1435 465 1603 515 tefferis
1625 465 1890 515 Badenfibus
1922 465 2132 516 insertam

182 540 325 586 diario
347 541 578 601 Tigurino
602 540 726 589 ἳίῐῑεε
747 544 834 588 uno
854 539 1013 588 menet}
1036 551 1120 586 vnn
1143 536 1356 599 gelebttm
1376 533 1561 598 &athen
1580 540 1630 582 Α.
1651 549 1790 596 1717.
1814 551 1914 600 pag.
1936 530 2050 592 282.
2070 531 2134 600 sq.

178 603 465 655 Franciscum
489 608 772 653 Ficorinium
804 607 854 652 in
883 603 1004 651 libro
1028 604 1182 652 Italico
1207 622 1219 649 2
1258 604 1288 653 l
1304 604 1383 649 tali
1403 604 1456 649 ed
1472 603 1581 649 altri
1596 602 1862 665 instrumenti
1877 604 2008 666 lufhri
2025 605 2135 670 degli

177 677 381 729 Romani,
416 677 588 721 Romae
616 688 756 736 1734.
776 690 822 736 4.
856 687 899 720 et
927 674 1196 738 interpretes
1238 672 1294 719 ad
1324 671 1529 719 Suetonii
1560 669 1809 732 Augustum
1828 688 1863 718 c.
1884 685 1962 732 71.
1989 671 2068 718 vbi
2091 686 2135 719 et

180 743 237 790 de
256 759 309 790 eo
333 742 457 806 quod
477 741 696 789 vocabant
716 742 862 795 ludere
873 755 961 807 par
982 745 1144 807 impar,
1181 740 1345 788 Graeci
1374 736 1624 805 α’ξτιοέζειν,
1660 738 1714 785 de
1739 755 1829 803 quo
1855 738 1951 785 ludi
1969 754 2137 802 genere

179 811 289 858 vide
308 812 441 858 etiam
469 810 632 857 Ezech.
655 810 981 874 Spanhemium
1003 809 1058 855 ad
1077 807 1390 873 Aristophanis
1409 807 1587 853 Plutum
1609 823 1650 852 v.
1676 814 1702 862 8
1717 823 1729 855 1
1744 815 1785 863 8.
1828 809 2137 855 Muratorium

177 881 238 926 T.
258 894 297 927 1.
317 876 568 926 AnaleSior.
592 879 738 926 Latin.
756 893 800 942 p.
830 892 933 938 124.
965 891 1009 923 et
1029 878 1298 941 interpretes
1318 874 1381 921 ad
1411 875 1595 922 Horatii
1624 873 1700 923 lib.
1724 894 1764 920 2.
1786 872 1858 922 sat.
1889 891 1930 936 3.
1953 893 1996 921 v.
2021 880 2140 939 248,

176 946 421 997 Pentalitha
445 943 532 992 fuit
553 942 721 1009 species
742 944 935 990 talorum
951 958 994 990 et
1012 941 1129 990 lusus
1144 943 1262 1008 apud
1277 946 1488 995 Graecos,
1508 942 1614 988 vide
1628 940 1739 990 Asta
1756 944 2011 992 Eruditor.1
2024 960 2049 1005 7
2061 960 2137 1004 59.
2221 944 2234 951 ’

177 1030 224 1078 p.
240 1021 281 1068 8.
306 1029 360 1059 ex
372 1017 529 1059 Tomo
552 1013 705 1077 primo
727 1010 1008 1075 pisturarum
1042 1012 1329 1074 antiquarum
1361 1026 1415 1056 ex
1440 1009 1714 1056 Herculano.
1791 1015 1862 1058 De
1888 1009 2140 1070 κοττάβων

179 1080 289 1127 ludo
310 1080 538 1127 conuiuali
565 1079 672 1126 vide
691 1080 838 1125 Schol.
863 1079 1051 1125 Luci-ani
1071 1094 1180 1124 tom.
1203 1094 1239 1125 1.
1254 1095 1299 1142 p.
1316 1087 1391 1140 38.
1436 1074 1686 1124 Meurfium
1718 1076 1774 1124 de
1805 1078 1920 1125 ludis
1943 1083 2140 1126 Graeco·
2219 1122 2222 1123 ⁷

177 1166 282 1196 rum
304 1164 350 1212 p.
373 1155 449 1202 28.
472 1145 532 1211 sq.
565 1162 606 1193 et
627 1146 862 1193 Stuckium
889 1148 1067 1205 11144.
1104 1146 1288 1209 Antiqu.
1311 1145 1543 1192 Conuiual.
1566 1161 1608 1209 p.
1638 1159 1762 1207 345..
1817 1148 1888 1193 De
1905 1146 2001 1192 aliis
2022 1146 2139 1193 ludis

178 1216 233 1263 ad
254 1216 463 1265 conuiuia
486 1214 700 1261 celebrari
720 1212 861 1259 solitis
883 1214 940 1261 id.
967 1215 1046 1259 111.
1068 1226 1148 1264 22.
1195 1216 1266 1261 De
1289 1213 1419 1261 Ludo
1440 1226 1519 1260 aut
1539 1218 1678 1279 capita
1696 1225 1775 1259 ant
1796 1230 1947 1269 naues,
1977 1216 2135 1273 (croix

177 1299 238 1330 ou
260 1283 379 1347 pile)
397 1280 694 1330 differtati0n8
724 1278 799 1328 sur
827 1278 1025 1328 diverses
1046 1282 1254 1328 matieres
1281 1298 1362 1346 par
1393 1284 1484 1328 Mr.
1502 1280 1729 1335 Tilladet,
1759 1296 1869 1329 tom.
1892 1295 1935 1331 2.
1956 1299 2000 1346 p.
2029 1297 2144 1344 294.
2203 1301 2206 1303 ·

176 1351 361 1399 Ludum
390 1350 686 1399 tudicularem
713 1349 1036 1410 (Qtttcftafcl)
1066 1351 1266 1397 carmine
1294 1351 1561 1397 hexametro>
1589 1345 1815 1414 descripsit
1844 1349 2145 1397 Leonhardus.
2218 1345 2230 1412 3*

175 1420 416 1466 Frizonius
438 1422 480 1468 S.
513 1422 548 1464 Ι.
575 1418 699 1482 quod
721 1415 857 1464 exstat
888 1414 1101 1463 fasciculo
1127 1419 1281 1482 primo
1309 1415 1489 1465 lusuum
1518 1418 1692 1480 ingenii
1714 1416 1890 1483 Lipsiae
1932 1420 2072 1480 1699.
2098 1424 2147 1473 8.
2220 1420 2234 1492 Ἰ

178 1487 428 1535 editorum.
500 1485 653 1533 Robbi
673 1485 862 1546 elegiam
889 1484 945 1532 de
977 1485 1085 1531 ludo
1107 1484 1284 1532 tristrac
1312 1486 1418 1532 vide
1445 1487 1494 1532 in
1523 1487 1758 1532 memoriis
1780 1486 2065 1533 Treuoltinis
2090 1492 2146 1534 A.

183 1569 511 1620 1710.p.745.
545 1557 617 1601 De
640 1550 863 1618 quo‘ludo
886 1556 1020 1600 etiam
1032 1553 1274 1601 E.Iouillet
1293 1554 1341 1600 in
1360 1553 1481 1601 libro¹
1493 1553 1838 1618 l'excellentjeu
1849 1554 1909 1601 du
1923 1555 2143 1617 Tricque-

178 1638 267 1670 trac
281 1657 296 1676 ,
317 1620 487 1669 Parisiis
509 1631 555 1678 8.
585 1622 625 1670 C
624 1622 774 1668 hartas
793 1621 972 1682 lustu-ias
991 1636 1091 1668 ante
1117 1636 1342 1669 trecentos
1360 1638 1501 1668 annos
1520 1623 1569 1668 in
1590 1621 1736 1670 Gallia
1767 1637 1966 1687 repertas
1988 1620 2143 1686 dispu-

179 1705 238 1737 tat
261 1692 579 1738 Menetrierius
602 1689 714 1738 Bibl.
735 1685 759 1718 ⁶⁴
775 1686 986 1736 Curios-ae
1006 1689 1182 1737 Gallice
1203 1690 1348 1738 editae
1359 1690 1590 1737 Treuoltii
1616 1703 1761 1753 1704.
1786 1705 1859 1739 12.
1880 1705 1988 1736 torn.
2006 1705 2050 1737 2.
2075 1704 2144 1734 ca·

177 1759 275 1823 pite
300 1776 369 1807 12.
394 1757 475 1805 vbi
497 1773 540 1806 et
562 1758 643 1805 alia
666 1757 722 1804 de
747 1756 891 1817 ludis,
927 1772 970 1804 et
999 1757 1054 1804 de
1082 1761 1253 1806 recenti
1284 1759 1473 1805 inuento
1510 1755 1767 1822 disciplinas
1799 1758 1941 1804 varias
1972 1756 2146 1802 charta·

178 1842 283 1872 rum
304 1823 572 1873 lusoriarum
590 1825 866 1872 adminiculo
891 1824 1110 1872 tradendi.
1181 1827 1423 1888 Originem
1446 1827 1698 1872 chartarum
1720 1842 1745 1870 a
1765 1821 2052 1888 temporibus
2063 1825 2145 1869 Ca·

180 1893 268 1939 toli
290 1896 345 1938 V.
368 1894 541 1940 Galliae
560 1895 681 1955 regis
705 1895 869 1956 repetit
895 1893 1097 1940 Bulletus.
1113 1894 1162 1938 in
1181 1892 1323 1948 libro,
1358 1910 1493 1955 quem
1516 1888 1745 1955 suppresso
1767 1892 1954 1937 nomine
1969 1890 2145 1938 Gallice
2222 1880 2263 1955 l

180 1959 395 2021 Lugduni
422 1974 562 2021 1757.
590 1973 661 2009 12.
688 1961 853 2017 edidit:
888 1961 1171 2006 Recherches
1193 1958 1465 2021 historiques
1480 1956 1553 2004 sur
1573 1959 1636 2004 les
1661 1972 1799 2004 cartes
1820 1962 1844 2003 a
1869 1957 2017 2020 jouer.
2073 1958 2142 2004 Si-
2209 1964 2228 2019 J
2254 1952 2263 2019 ¹⁴

179 2028 353 2075 militer
375 2028 601 2089 originem
623 2026 717 2072 ludi
740 2027 1017 2081 chartarum,
1052 2042 1189 2088 quem
1217 2026 1340 2073 Galli
1374 2040 1537 2071 vocant
1566 2027 1622 2070 du
1652 2028 1833 2087 Piquet‚
1872 2042 1926 2071 ex
1960 2022 2147 2071 historia
2221 2024 2229 2066 f
2253 2024 2263 2113 ’ξ

181 2094 352 2143 Gallica
373 2109 414 2141 et
436 2093 620 2157 quidem
641 2111 665 2139 a
685 2092 972 2157 temporibus
993 2093 1143 2139 Caroli
1166 2096 1265 2139 VII.
1293 2093 1459 2156 repetit
1486 2089 1642 2137 αυξὶοι·
1662 2089 1976 2138 dissertationis
2006 2089 2145 2140 inser·
2170 2152 2173 2155 Ι

180 2178 249 2210 tae
270 2164 507 2210 memoriis
526 2166 571 2209 T
574 2161 814 2208 reuoltinis
839 2165 894 2207 A.
917 2175 1059 2221 ¹720·
1081 2175 1122 2224 p.
1138 2174 1248 2221 934.
1269 2157 1362 2224 sqq.
1409 2162 1543 2205 Varia
1564 2156 1741 2206 lusuum
1773 2160 1914 2207 hodie
1941 2175 2146 2224 recepto·

180 2248 281 2279 rum
305 2246 468 2293 genera
490 2232 647 2277 Petrus
668 2229 894 2276 Antonius
915 2224 1110 2275 Maffeus
1129 2227 1329 2275 iucundo
1353 2229 1551 2274 carmine
1581 2224 1780 2274 recenset
1800 2229 1848 2274 in
1867 2225 1992 2275 classe
2013 2228 2143 2274 tertia
2192 2266 2195 2271 ,
2233 2227 2261 2293 ‘f

179 2297 437 2363 speciminis
456 2298 637 2362 poetici,
657 2300 867 2343 Ferrarae
886 2305 1022 2358 1716.
1041 2296 1222 2352 8.editi.
1293 2294 1422 2343 Adde
1440 2296 1480 2342 la
1501 2296 1604 2360 plus
1625 2292 1893 2343 universelle
1904 2294 2145 2343 Academie

182 2368 257 2413 des
291 2368 431 2425 Jeux,
467 2382 581 2429 quae
610 2365 823 2427 Lugduni
856 2367 1058 2415 Batauor.
1097 2377 1237 2426 1721.
1265 2363 1403 2411 duob.
1437 2365 1609 2411 volum.
1643 2365 1694 2427 in
1732 2379 1803 2412 12.
1833 2363 2035 2424 euulgata
2063 2360 2139 2407 est.

182 2431 377 2482 Godofr.
410 2434 532 2482 Guil.
562 2432 779 2480 Leibnitii
810 2433 1042 2479 annotatio
1081 2432 1140 2478 de
1184 2431 1449 2495 quibusdam
1486 2432 1603 2478 ludis
1633 2468 1649 2489 ,,
1700 2432 1912 2496 inprimis
1943 2430 1998 2475 de
2030 2429 2142 2475 ludo

182 2501 377 2564 quodam
397 2502 548 2548 Sinico
570 2498 915 2564 differentiaque
935 2500 1130 2547 Scachici
1151 2514 1197 2546 et
1216 2500 1596 2555 latrunculorum,
1637 2512 1682 2546 et
1710 2514 1835 2545 nouo
1856 2512 2021 2558 genere
2041 2496 2139 2543 ludi

181 2568 346 2616 naualis
367 2568 521 2633 paullo
556 2581 659 2618 ante
691 2568 862 2616 laudata
897 2566 972 2615 est.
1040 2568 1204 2616 Varios
1229 2568 1361 2616 ludos
1380 2567 1433 2616 ab
1461 2568 1625 2622 eodem
1663 2564 1892 2615 Leibnitio
1913 2565 2139 2627 excogita·

2069 2646 2142 2680 tos

240 2732 256 2757 ⁶
285 2733 442 2772 Titulus
459 2732 548 2772 libri
571 2732 644 2772 est:
672 2733 946 2787 Bibliotheque
968 2729 1144 2775 curiense
1165 2734 1445 2776 etinstruffiue
1464 2735 1514 2778 de
1534 2733 1666 2776 diuers
1692 2741 1885 2787 ouvrages
1911 2731 2070 2775 {uiciens
2098 2740 2141 2773 et

184 2787 411 2837 modernes,
444 2788 492 2830 de
512 2789 722 2831 litterature
746 2800 783 2832 et
802 2789 869 2832 des
893 2800 968 2833 arts
982 2818 995 2840 ,
1027 2792 1050 2832 a
1067 2791 1253 2833 Trevoux
1277 2802 1398 2848 1704.
1419 2803 1486 2836 12.
1626 2795 1628 2797 ’
