2263 3027
194 113 294 164 752
714 113 718 116 ’
831 98 983 152 CAP.
1019 99 1132 152 XV.
1210 98 1490 154 POENAE

190 219 478 287 Wagenseilii
512 224 663 272 Sotam
686 239 787 290 pag.
816 233 956 283 11-83.
1026 223 1296 289 fflionatsicbe
1332 226 1687 289 Untertebungen
1722 232 1864 284 1689.
1894 241 1936 290 p.
1958 236 2051 289 9³48
2073 226 2135 294 sq.

188 307 234 340 et
261 298 400 351 1693.
422 307 467 356 p.
490 300 601 353 637.
668 293 807 339 Paulli
825 295 1002 340 Ricauti
1024 291 1222 340 Histoire
1255 295 1310 340 de
1342 293 1474 340 l'estat
1511 291 1690 358 present
1716 296 1771 352 de
1795 291 1971 355 l’Eglise
2001 299 2136 346 Grec-

189 377 277 424 que
306 377 396 424 cap.
427 376 498 420 13.
535 377 582 424 p.
607 370 700 419 278
725 361 786 425 sq.
863 359 1002 408 Iacobi
1026 361 1187 424 Elfizeri
1218 364 1380 423 neueste
1414 362 1735 426 'Bescbreibung
1768 366 1841 411 bet
1871 361 2136 425 griechischen
2163 381 2179 397 ¹

189 428 386 489 ssbtissen
422 444 521 492 pag.
558 435 621 483 80
654 425 716 491 sq.
751 444 795 475 et
834 446 934 494 pag.
972 445 1065 488 150
1097 431 1462 479 continuationis,
1541 434 1726 477 Bzouius
1757 429 1812 476 ad
1841 435 1895 476 A.
1921 433 1968 477 C.
2000 438 2137 492 ¹48¹·

188 497 303 542 Ioan.
332 494 466 542 Mich.
491 499 704 542 Heineccii
723 494 966 544 dissertatio
989 499 1258 560 inauguralis
1279 495 1354 544 sub
1377 496 1593 562 praesidio
1620 502 1741 545 loan.
1757 497 1897 545 Andr.
1920 497 2141 544 Schmidii

188 562 339 610 habita
360 562 416 609 de
437 561 718 611 absolutione
748 581 1037 612 mortuorum
1066 570 1559 613 excommunicatorum
1591 566 1679 614 siue
1702 567 2070 631 tympanicorum
2091 567 2138 613 in

187 628 375 677 Ecclesia
398 634 581 682 Graeca,
609 632 878 680 Helmstadii
910 648 1050 695 1709.
1081 650 1123 681 et
1145 638 1255 690 Ιοᾳνι.
1282 638 1416 684 chr.
1437 636 1581 696 Stzffi
1609 638 1764 698 Progr.
1791 637 1848 684 de
1866 630 2141 693 ,excommu-

186 699 428 747 nicationis
451 702 733 749 Graecorum
758 704 888 750 miris
909 699 1154 750 effefflbus.
1178 703 1358 751 Gothae
1384 721 1399 752 1
1416 719 1526 767 733.
2009 721 2013 725 ·

318 835 443 881 XVI.
474 838 550 883 De
568 829 734 900 ‘poenis
751 851 795 884 et
813 834 1045 904 suppliciis
1067 838 1184 904 apud
1210 842 1409 886 Graecos
1431 853 1474 884 et
1496 838 1600 884 alias
1625 853 1781 900 gentes
1800 836 2025 885 videndus
2038 835 2139 883 Ale-

185 900 357 948 xander
378 901 431 950 ab
462 898 718 951 Alexandro
741 904 816 952 lib.
843 924 880 965 3.
910 923 1004 970 cap.
1039 922 1058 960 ς
1087 922 1130 954 et
1151 921 1226 956 20.
1299 906 1533 954 Albericus
1557 906 1752 953 Gentilis
1777 909 1855 952 III.
1885 913 1954 962 18.
1987 901 2141 951 le9tio-

187 985 299 1015 num
319 969 373 1015 ad
395 972 462 1016 ius
483 971 617 1019 ciuile
640 969 936 1036 spessantium
967 989 1011 1020 et
1035 978 1087 1020 ll.
1112 993 1153 1032 9.
1177 974 1255 1019 vbi
1279 973 1499 1035 sigillatim
1533 975 1587 1021 de
1617 992 1763 1038 poena
1786 975 1915 1036 ignis.
2006 976 2141 1019 Lace-

187 1035 453 1084 daemonios
477 1039 709 1087 neminem
738 1041 935 1087 interdiu
956 1039 1178 1105 supplicio
1203 1039 1378 1088 afficere
1402 1039 1581 1097 solitos,
1617 1040 1692 1088 sed
1713 1058 1887 1088 tantum
1922 1041 1977 1088 de
2005 1037 2138 1087 nosse

185 1102 383 1168 plestere
405 1105 636 1153 damnatos
657 1108 709 1154 ad
735 1124 930 1155 mortem
961 1109 1093 1154 tradit
1125 1109 1392 1155 Herodotus
1422 1112 1498 1155 lV.
1527 1113 1634 1170 146.
1702 1113 1771 1156 De
1806 1111 1969 1173 poenis
2000 1121 2044 1154 et
2075 1124 2140 1155 re·

185 1173 578 1220 munerationibus
602 1175 724 1238 apud
746 1167 1042 1237 Athenienses
1060 1178 1150 1237 agit
1173 1179 1378 1224 Potterus
1402 1176 1478 1224 lib.
1517 1190 1555 1222 Ι.
1581 1194 1615 1223 c.
1640 1191 1718 1238 25.
1739 1177 1973 1224 Archaeol.
1998 1178 2138 1224 Attic.
2233 1195 2236 1198 ·

185 1240 308 1303 apud
334 1241 713 1288 Lacedaemonios
752 1245 938 1304 Cragius
972 1247 1048 1293 IV.
1082 1259 1110 1303 9
1146 1259 1188 1291 et
1232 1260 1300 1294 ιο.
1379 1245 1625 1293 Horrenda
1662 1245 1879 1308 quaedam
1920 1241 2138 1309 supplicia

185 1305 417 1353 Persarum
441 1306 581 1354 refert
609 1308 869 1357 Plutarchus
893 1317 1141 1358 Artaxerxe
1164 1329 1264 1377 pag.
1299 1320 1437 1369 1018.
1468 1327 1592 1369 1019
1619 1328 1661 1361 et
1691 1327 1824 1362 1021.
1849 1309 2008 1360 confer
2027 1308 2138 1365 Bris-

184 1370 364 1420 sonium
387 1374 462 1423 lib.
485 1390 529 1425 2.
555 1378 651 1441 “paga
679 1392 765 1438 325
793 1375 854 1442 sq.
928 1382 996 1426 De
1018 1377 1248 1427 Persarum
1273 1384 1523 1443 σκαφέυσει
1555 1380 1644 1429 fiue
1670 1383 1922 1450 σκαφισμςῗ)
1942 1382 2138 1441 cangius

183 1457 285 1505 pag.
311 1457 357 1502 9.
382 1443 436 1489 ad
468 1446 705 1492 Zonaram.
778 1449 847 1493 De
876 1449 1180 1495 excoriatione
1204 1449 1320 1514 apud
1340 1450 1444 1497 illos
1467 1449 1644 1506 vfitata,
1679 1453 1833 1505 Petrus
1854 1451 2065 1496 Pantinus
2083 1448 2139 1496 ad

183 1508 354 1556 librum
375 1508 619 1559 secundum
647 1511 791 1560 Basilii·
815 1513 1100 1563 Seleuciensis
1135 1516 1190 1564 de
1219 1519 1310 1563 vita
1341 1521 1381 1567 S.
1401 1517 1612 1566 Theclae.
1682 1521 1752 1565 De
1779 1534 1875 1565 arca
1903 1518 2138 1565 mucroni—

184 1575 268 1625 bus
297 1579 499 1643 vndique
528 1579 745 1644 praefixa,
783 1584 855 1629 cui
883 1583 1108 1645 Regulum
1136 1581 1316 1632 reseffis
1350 1586 1581 1652 palpebris
1620 1583 1876 1651 imposuere
1903 1586 2136 1647 Carthagi-

182 1643 386 1702 nienses,
422 1648 633 1696 Claudius
652 1646 929 1714 Dausqueius
946 1652 999 1699 ad
1020 1652 1179 1699 Silium
1209 1669 1250 1717 p.
1275 1662 1388 1712 276.
1416 1676 1423 1681 Δ
1461 1658 1532 1703 De
1560 1657 1797 1702 tormentis
1816 1653 1905 1701 siue
1925 1653 2136 1718 quaestio-

186 1711 319 1759 nibus
353 1730 558 1762 veterum
592 1714 769 1782 Iosephi
801 1720 1033 1766 Laurentii
1065 1720 1253 1767 diatriba
1282 1717 1433 1773 recusa
1463 1721 1524 1769 est
1554 1737 1681 1768 tomo
1703 1726 1782 1770 VI.
1816 1721 2132 1782 antiquitatum

189 1782 487 1839 Graecarum,
524 1801 577 1830 ex
602 1787 695 1831 eius
715 1787 1024 1850 polymathiae
1046 1787 1122 1836 lib.
1149 1806 1188 1846 3.
1214 1786 1253 1834 c.
1276 1806 1347 1835 10.
1372 1790 1596 1835 videndus
1625 1803 1806 1850 quoque
1829 1785 2007 1832 Christi.
2029 1787 2132 1835 Vlr.

186 1849 378 1910 Grupen
410 1851 457 1895 in
490 1849 790 1900 dissertatione
811 1888 822 1908 ‚
870 1856 924 1902 de
957 1856 1196 1902 tormentis
1225 1858 1537 1902 Romanorum
1566 1869 1608 1900 et
1639 1858 1950 1907 Graecorum,
1997 1871 2131 1917 quam

184 1913 411 1979 praemisit
433 1915 818 1967 obseruationibus
846 1923 957 1968 iuris
991 1922 1235 1968 criminalis
1259 1923 1314 1968 de
1343 1923 1646 1985 applicatione
1668 1937 2018 1971 tormentorum.
2039 1926 2131 1968 Ha-

185 1998 382 2029 nouerae
421 2000 560 2046 1754.
596 2002 644 2045 4.
714 1990 783 2034 De
820 1985 898 2034 vsu
935 1998 1271 2035 tormentorum
1309 1990 1427 2053 apud
1467 1987 1763 2037 Athenienses
1800 1989 1944 2035 Mich.
1982 1993 2129 2042 Henr,

185 2049 388 2097 Gribner
423 2051 575 2115 opusc.
614 2055 722 2099 iuris
750 2056 915 2118 priuati
935 2053 1037 2104 sesi.
1062 2059 1116 2102 V.
1141 2072 1239 2120 pag.
1271 2065 1361 2117 156
1382 2054 1476 2119 sqq.
1547 2058 1680 2102 Varia
1703 2073 1954 2121 poenarum
1976 2072 2018 2103 et
2039 2073 2127 2104 tor-

2180 1910 2240 1932 l*-

183 2132 445 2165 mentorum
469 2137 633 2181 genera
654 2119 849 2168 recenset
871 2124 1003 2169 ctiam
1029 2121 1220 2170 Isidorus
1245 2121 1516 2188 Hispalensis
1549 2123 1624 2170 lib.
1650 2126 1957 2197 53Origimim
1989 2142 2025 2172 c.
2050 2138 2130 2186 2¹7.
2179 2160 2181 2168 ι

183 2185 391 2248 Synesius
412 2186 608 2251 Epistola
633 2196 706 2245 58.
732 2205 801 2250 59.
829 2204 872 2236 et
907 2189 1226 2255 Aristopha‘nes
1256 2193 1301 2237 in
1326 2196 1458 2240 Ranis
1489 2209 1532 2239 v.
1556 2202 1645 2252 631
1671 2192 1766 2256 sqq.
1834 2195 1904 2239 De
1938 2194 2126 2239 circum·

184 2250 398 2299 dussione
426 2257 472 2300 in
504 2254 755 2303 ludibrium
783 2273 862 2304 ore
890 2255 1066 2305 frenato
1101 2258 1447 2324 capistratoque,
1487 2261 1563 2307 vel
1595 2261 1728 2306 etiarn
1761 2257 1948 2325 supino,
1984 2277 2032 2306 ac
2060 2277 2126 2308 re-

182 2323 313 2367 tortis
336 2322 585 2370 ceruicibus
617 2326 1014 2372 Zimmermannus
1033 2344 1076 2391 p.
1107 2335 1203 2388 462
1224 2325 1284 2391 sq.
1312 2327 1490 2377 analest.
1515 2346 1569 2375 ex
1600 2331 1662 2374 Io.
1690 2328 1811 2375 Frid.
1834 2329 2064 2388 Gronouii
2082 2343 2126 2376 et

183 2387 310 2435 Gisb.
343 2392 510 2454 Cuperi
541 2389 953 2448 obseruationibus,
1001 2411 1045 2442 et
1072 2397 1228 2442 Petrus
1262 2399 1456 2444 Zornius
1484 2394 1614 2444 Misc.
1645 2398 1874 2457 Groning.
1902 2399 2042 2444 Tom.
2075 2412 2119 2445 2.
2171 2440 2178 2443 Α
2208 2447 2213 2455 ,

182 2462 324 2517 p.563
349 2452 440 2521 sqq.
510 2462 579 2506 De
605 2460 718 2506 culei
735 2478 885 2527 poena
907 2463 1030 2510 Tho.
1057 2465 1246 2510 Crenius
1268 2481 1378 2529 part.
1406 2481 1422 2513 1
1440 2480 1476 2513 1.
1505 2460 1796 2512 animaduers.
1818 2480 1917 2528 pag.
1941 2475 2034 2524 247
2060 2460 2123 2528 sq.
2145 2525 2148 2530 .

184 2523 378 2570 Hieron.
406 2528 582 2588 Magius
608 2525 732 2574 Misc.
759 2533 833 2575 lV.
857 2539 910 2587 8.τ
969 2527 1149 2580 Pitiscus
1176 2531 1236 2577 ad
1251 2535 1453 2581 Suetonii
1475 2532 1726 2595 Augustum
1749 2548 1783 2579 c.
1808 2545 1882 2590 33.
1954 2531 2123 2578 Golda-

184 2584 271 2633 stus
290 2591 343 2636 ad
367 2592 631 2642 Dositheum
657 2613 752 2660 pag.
780 2604 891 2659 874,
921 2613 964 2644 et
986 2607 1075 2658 875
1101 2598 1199 2646 -edit
1216 2601 1495 2664 Schultingii.
1568 2597 1825 2664 Christoph.
1857 2597 2042 2644 Colerus
2070 2601 2120 2647 in

181 2655 407 2718 ParergiS,
445 2676 485 2706 et
507 2663 726 2710 Meursius
750 2667 827 2716 111.
860 2683 932 2725 23.
965 2669 1189 2716 exercitat.
1224 2685 1350 2734 parte
1375 2686 1414 2717 2.
1437 2671 1616 2716 exercit.
1643 2668 1778 2715 critic.
1798 2683 1841 2730 p.
1875 2675 1978 2716 162.
2047 2670 2119 2716 De

184 2725 482 2791 Cynophoria
510 2727 598 2801 siue
625 2733 743 2779 canis
774 2735 1033 2797 portatione
1060 2735 1386 2798 ignominiosa,
1429 2741 1554 2791 Ioan.
1574 2735 1767 2785 Henrici
1785 2734 2031 2784 Meibomii
2062 2735 2119 2782 ad

1989 2803 2114 2853 Ioan-
2168 2860 2173 2865 ,
2260 2838 2261 2866 1
