<?xml version="1.0" encoding="UTF-8"?>
<!DOCTYPE html PUBLIC "-//W3C//DTD XHTML 1.0 Transitional//EN"
    "http://www.w3.org/TR/xhtml1/DTD/xhtml1-transitional.dtd">
<html xmlns="http://www.w3.org/1999/xhtml" xml:lang="en" lang="en">
 <head>
  <title>
</title>
<meta http-equiv="Content-Type" content="text/html;charset=utf-8" />
  <meta name='ocr-system' content='tesseract 3.04.00' />
  <meta name='ocr-capabilities' content='ocr_page ocr_carea ocr_par ocr_line ocrx_word'/>
</head>
<body>
  <div class='ocr_page' id='page_1' title='image "./ioalbertifabrici00fabr/ioalbertifabrici00fabr_0815.png"; bbox 0 0 2263 3027; ppageno 0'>
   <div class='ocr_carea' id='block_1_1' title="bbox 933 134 2037 208">
    <p class='ocr_par' dir='ltr' id='par_1_1' title="bbox 933 134 2037 208">
     <span class='ocr_line' id='line_1_1' title="bbox 933 134 2037 208; baseline 0.001 -21"><span class='ocrx_word' id='word_1_1' title='bbox 933 134 1209 189; x_wconf 75' lang='lat' dir='ltr'>GRAECI.</span> <span class='ocrx_word' id='word_1_2' title='bbox 1371 145 1373 147; x_wconf 95' lang='lat'>·</span> <span class='ocrx_word' id='word_1_3' title='bbox 1943 160 2037 208; x_wconf 69' lang='lat'>795</span> 
     </span>
    </p>
   </div>
   <div class='ocr_carea' id='block_1_2' title="bbox 50 256 2094 2692">
    <p class='ocr_par' dir='ltr' id='par_1_2' title="bbox 72 256 2094 2288">
     <span class='ocr_line' id='line_1_2' title="bbox 111 256 2042 325; baseline 0.005 -22"><span class='ocrx_word' id='word_1_4' title='bbox 111 271 292 321; x_wconf 89' lang='lat' dir='ltr'>perrara</span> <span class='ocrx_word' id='word_1_5' title='bbox 322 260 440 306; x_wconf 89' lang='lat' dir='ltr'>notis</span> <span class='ocrx_word' id='word_1_6' title='bbox 467 256 677 306; x_wconf 88' lang='lat' dir='ltr'>illustrata</span> <span class='ocrx_word' id='word_1_7' title='bbox 706 258 847 307; x_wconf 84' lang='lat' dir='ltr'>edidit</span> <span class='ocrx_word' id='word_1_8' title='bbox 877 258 1080 307; x_wconf 86' lang='lat' dir='ltr'>Viennae</span> <span class='ocrx_word' id='word_1_9' title='bbox 1107 275 1249 323; x_wconf 77' lang='lat'>1752.</span> <span class='ocrx_word' id='word_1_10' title='bbox 1280 277 1326 325; x_wconf 89' lang='lat'>4.</span> <span class='ocrx_word' id='word_1_11' title='bbox 1403 260 1653 310; x_wconf 86' lang='lat' dir='ltr'>Historiam</span> <span class='ocrx_word' id='word_1_12' title='bbox 1677 264 2042 314; x_wconf 77' lang='lat' dir='ltr'>Ptolemaeorum</span> 
     </span>
     <span class='ocr_line' id='line_1_3' title="bbox 114 326 2040 395; baseline 0.006 -25"><span class='ocrx_word' id='word_1_13' title='bbox 114 327 314 390; x_wconf 81' lang='lat' dir='ltr'>Aegypti</span> <span class='ocrx_word' id='word_1_14' title='bbox 347 329 521 388; x_wconf 81' lang='lat' dir='ltr'>Regum</span> <span class='ocrx_word' id='word_1_15' title='bbox 552 330 815 390; x_wconf 88' lang='lat' dir='ltr'>Regumque</span> <span class='ocrx_word' id='word_1_16' title='bbox 846 328 999 390; x_wconf 83' lang='lat' dir='ltr'>Syriae</span> <span class='ocrx_word' id='word_1_17' title='bbox 1029 345 1082 374; x_wconf 86' lang='lat' dir='ltr'>ex</span> <span class='ocrx_word' id='word_1_18' title='bbox 1105 331 1252 376; x_wconf 90' lang='lat' dir='ltr'>numis</span> <span class='ocrx_word' id='word_1_19' title='bbox 1274 326 1537 395; x_wconf 79' lang='lat' dir='ltr'>descriptam</span> <span class='ocrx_word' id='word_1_20' title='bbox 1559 331 1682 379; x_wconf 84' lang='lat' dir='ltr'>dedit</span> <span class='ocrx_word' id='word_1_21' title='bbox 1707 332 1829 380; x_wconf 90' lang='lat' dir='ltr'>idem</span> <span class='ocrx_word' id='word_1_22' title='bbox 1853 337 2040 381; x_wconf 81' lang='lat' dir='ltr'>Ioannes</span> 
     </span>
     <span class='ocr_line' id='line_1_4' title="bbox 113 393 2042 464; baseline 0.006 -28"><span class='ocrx_word' id='word_1_23' title='bbox 113 393 321 446; x_wconf 71' lang='lat' dir='ltr'>vain-ant,</span> <span class='ocrx_word' id='word_1_24' title='bbox 359 411 547 457; x_wconf 82' lang='lat' dir='ltr'>quarum</span> <span class='ocrx_word' id='word_1_25' title='bbox 574 397 702 458; x_wconf 88' lang='lat' dir='ltr'>prior</span> <span class='ocrx_word' id='word_1_26' title='bbox 725 393 861 441; x_wconf 89' lang='lat' dir='ltr'>Amst.</span> <span class='ocrx_word' id='word_1_27' title='bbox 895 410 1035 455; x_wconf 79' lang='lat'>¹70¹.</span> <span class='ocrx_word' id='word_1_28' title='bbox 1061 393 1142 442; x_wconf 88' lang='lat' dir='ltr'>fol.</span> <span class='ocrx_word' id='word_1_29' title='bbox 1172 398 1304 445; x_wconf 87' lang='lat' dir='ltr'>altera</span> <span class='ocrx_word' id='word_1_30' title='bbox 1332 396 1459 445; x_wconf 84' lang='lat' dir='ltr'>Paris.</span> <span class='ocrx_word' id='word_1_31' title='bbox 1491 402 1626 455; x_wconf 86' lang='lat'>1682.</span> <span class='ocrx_word' id='word_1_32' title='bbox 1647 415 1694 462; x_wconf 92' lang='lat'>4.</span> <span class='ocrx_word' id='word_1_33' title='bbox 1719 401 1903 464; x_wconf 85' lang='lat' dir='ltr'>prodiit.</span> <span class='ocrx_word' id='word_1_34' title='bbox 1971 404 2042 448; x_wconf 90' lang='lat' dir='ltr'>Ei-</span> 
     </span>
     <span class='ocr_line' id='line_1_5' title="bbox 112 459 2041 530; baseline 0.005 -24"><span class='ocrx_word' id='word_1_35' title='bbox 112 459 215 506; x_wconf 84' lang='lat' dir='ltr'>dem</span> <span class='ocrx_word' id='word_1_36' title='bbox 252 460 491 508; x_wconf 86' lang='lat' dir='ltr'>Vaillantio</span> <span class='ocrx_word' id='word_1_37' title='bbox 533 463 746 509; x_wconf 88' lang='lat' dir='ltr'>debemus</span> <span class='ocrx_word' id='word_1_38' title='bbox 774 459 1082 509; x_wconf 69' lang='lat' dir='ltr'>Arsacidarum</span> <span class='ocrx_word' id='word_1_39' title='bbox 1110 466 1362 530; x_wconf 73' lang='lat' dir='ltr'>vimperium</span> <span class='ocrx_word' id='word_1_40' title='bbox 1382 500 1396 524; x_wconf 88' lang='lat'>‚</span> <span class='ocrx_word' id='word_1_41' title='bbox 1453 464 1540 513; x_wconf 90' lang='lat' dir='ltr'>fiue</span> <span class='ocrx_word' id='word_1_42' title='bbox 1571 459 1743 529; x_wconf 74' lang='lat' dir='ltr'>Regum</span> <span class='ocrx_word' id='word_1_43' title='bbox 1771 470 2041 516; x_wconf 86' lang='lat' dir='ltr'>Parthorum</span> 
     </span>
     <span class='ocr_line' id='line_1_6' title="bbox 94 527 2040 595; baseline 0.005 -22"><span class='ocrx_word' id='word_1_44' title='bbox 94 527 378 583; x_wconf 80' lang='lat' dir='ltr'>historiam:</span> <span class='ocrx_word' id='word_1_45' title='bbox 423 532 529 577; x_wconf 90' lang='lat' dir='ltr'>item</span> <span class='ocrx_word' id='word_1_46' title='bbox 551 530 727 590; x_wconf 78' lang='lat' dir='ltr'>Regum</span> <span class='ocrx_word' id='word_1_47' title='bbox 757 532 913 582; x_wconf 88' lang='lat' dir='ltr'>Ponti,</span> <span class='ocrx_word' id='word_1_48' title='bbox 963 528 1151 595; x_wconf 84' lang='lat' dir='ltr'>Bospori</span> <span class='ocrx_word' id='word_1_49' title='bbox 1182 548 1225 579; x_wconf 91' lang='lat' dir='ltr'>et</span> <span class='ocrx_word' id='word_1_50' title='bbox 1256 534 1492 595; x_wconf 82' lang='lat' dir='ltr'>Bithyniae</span> <span class='ocrx_word' id='word_1_51' title='bbox 1531 533 1785 590; x_wconf 82' lang='lat' dir='ltr'>historiam,</span> <span class='ocrx_word' id='word_1_52' title='bbox 1822 537 1873 589; x_wconf 84' lang='lat' dir='ltr'>ad</span> <span class='ocrx_word' id='word_1_53' title='bbox 1902 535 2040 584; x_wconf 87' lang='lat' dir='ltr'>fidem</span> 
     </span>
     <span class='ocr_line' id='line_1_7' title="bbox 113 593 2042 662; baseline 0.005 -20"><span class='ocrx_word' id='word_1_54' title='bbox 113 593 432 644; x_wconf 86' lang='lat' dir='ltr'>numismatum</span> <span class='ocrx_word' id='word_1_55' title='bbox 466 597 751 662; x_wconf 75' lang='lat' dir='ltr'>applicatam,</span> <span class='ocrx_word' id='word_1_56' title='bbox 800 596 968 644; x_wconf 78' lang='lat' dir='ltr'>Parisiis</span> <span class='ocrx_word' id='word_1_57' title='bbox 1006 613 1146 660; x_wconf 78' lang='lat'>1725.</span> <span class='ocrx_word' id='word_1_58' title='bbox 1170 617 1213 657; x_wconf 90' lang='lat'>4.</span> <span class='ocrx_word' id='word_1_59' title='bbox 1245 600 1419 647; x_wconf 86' lang='lat' dir='ltr'>duobus</span> <span class='ocrx_word' id='word_1_60' title='bbox 1451 604 1586 648; x_wconf 89' lang='lat' dir='ltr'>tomis</span> <span class='ocrx_word' id='word_1_61' title='bbox 1615 602 1791 650; x_wconf 88' lang='lat' dir='ltr'>editam.</span> <span class='ocrx_word' id='word_1_62' title='bbox 1858 607 2042 651; x_wconf 88' lang='lat' dir='ltr'>Numos</span> 
     </span>
     <span class='ocr_line' id='line_1_8' title="bbox 113 665 2042 735; baseline 0.005 -26"><span class='ocrx_word' id='word_1_63' title='bbox 113 666 342 727; x_wconf 83' lang='lat' dir='ltr'>Syriacos,</span> <span class='ocrx_word' id='word_1_64' title='bbox 396 665 723 729; x_wconf 81' lang='lat' dir='ltr'>AegyptiacOS‚</span> <span class='ocrx_word' id='word_1_65' title='bbox 768 671 993 712; x_wconf 89' lang='lat' dir='ltr'>Armenos</span> <span class='ocrx_word' id='word_1_66' title='bbox 1041 682 1171 731; x_wconf 88' lang='lat' dir='ltr'>atque</span> <span class='ocrx_word' id='word_1_67' title='bbox 1206 669 1392 714; x_wconf 89' lang='lat' dir='ltr'>Parthos</span> <span class='ocrx_word' id='word_1_68' title='bbox 1421 668 1653 716; x_wconf 87' lang='lat' dir='ltr'>illustrauit</span> <span class='ocrx_word' id='word_1_69' title='bbox 1688 687 1868 735; x_wconf 85' lang='lat' dir='ltr'>quoque</span> <span class='ocrx_word' id='word_1_70' title='bbox 1903 672 2042 726; x_wconf 89' lang='lat' dir='ltr'>idem,</span> 
     </span>
     <span class='ocr_line' id='line_1_9' title="bbox 72 732 2040 802; baseline 0.007 -28"><span class='ocrx_word' id='word_1_71' title='bbox 72 771 74 773; x_wconf 18' lang='lat' dir='ltr'>t</span> <span class='ocrx_word' id='word_1_72' title='bbox 113 748 249 794; x_wconf 87' lang='lat' dir='ltr'>quern</span> <span class='ocrx_word' id='word_1_73' title='bbox 268 732 417 796; x_wconf 90' lang='lat' dir='ltr'>paullo</span> <span class='ocrx_word' id='word_1_74' title='bbox 438 748 537 779; x_wconf 89' lang='lat' dir='ltr'>ante</span> <span class='ocrx_word' id='word_1_75' title='bbox 558 733 858 786; x_wconf 85' lang='lat' dir='ltr'>laudauimus‚</span> <span class='ocrx_word' id='word_1_76' title='bbox 888 734 1110 781; x_wconf 88' lang='lat' dir='ltr'>Semlerus</span> <span class='ocrx_word' id='word_1_77' title='bbox 1133 733 1209 780; x_wconf 89' lang='lat' dir='ltr'>lib.</span> <span class='ocrx_word' id='word_1_78' title='bbox 1230 737 1300 782; x_wconf 90' lang='lat' dir='ltr'>cit.</span> <span class='ocrx_word' id='word_1_79' title='bbox 1323 751 1448 800; x_wconf 90' lang='lat' dir='ltr'>parte</span> <span class='ocrx_word' id='word_1_80' title='bbox 1469 737 1621 783; x_wconf 89' lang='lat' dir='ltr'>eadem</span> <span class='ocrx_word' id='word_1_81' title='bbox 1643 754 1743 802; x_wconf 83' lang='lat' dir='ltr'>pag.</span> <span class='ocrx_word' id='word_1_82' title='bbox 1772 754 1862 800; x_wconf 89' lang='lat'>107</span> <span class='ocrx_word' id='word_1_83' title='bbox 1876 768 1914 776; x_wconf 93' lang='lat'>--</span> <span class='ocrx_word' id='word_1_84' title='bbox 1935 756 2040 800; x_wconf 85' lang='lat'>174.</span> 
     </span>
     <span class='ocr_line' id='line_1_10' title="bbox 111 798 2043 870; baseline 0.005 -26"><span class='ocrx_word' id='word_1_85' title='bbox 111 801 278 863; x_wconf 88' lang='lat' dir='ltr'>Neque</span> <span class='ocrx_word' id='word_1_86' title='bbox 299 801 537 847; x_wconf 89' lang='lat' dir='ltr'>omittendi</span> <span class='ocrx_word' id='word_1_87' title='bbox 557 798 658 847; x_wconf 86' lang='lat' dir='ltr'>sunt</span> <span class='ocrx_word' id='word_1_88' title='bbox 686 798 855 848; x_wconf 84' lang='lat' dir='ltr'>Erasmi</span> <span class='ocrx_word' id='word_1_89' title='bbox 875 801 1120 848; x_wconf 76' lang='lat' dir='ltr'>Froelichii</span> <span class='ocrx_word' id='word_1_90' title='bbox 1140 804 1315 850; x_wconf 87' lang='lat' dir='ltr'>annales</span> <span class='ocrx_word' id='word_1_91' title='bbox 1335 806 1507 864; x_wconf 84' lang='lat' dir='ltr'>Regum</span> <span class='ocrx_word' id='word_1_92' title='bbox 1535 820 1577 850; x_wconf 92' lang='lat' dir='ltr'>et</span> <span class='ocrx_word' id='word_1_93' title='bbox 1605 822 1757 853; x_wconf 88' lang='lat' dir='ltr'>rerum</span> <span class='ocrx_word' id='word_1_94' title='bbox 1779 810 1930 870; x_wconf 86' lang='lat' dir='ltr'>Syriae</span> <span class='ocrx_word' id='word_1_95' title='bbox 1961 804 2043 854; x_wconf 75' lang='lat' dir='ltr'>nu‘-</span> 
     </span>
     <span class='ocr_line' id='line_1_11' title="bbox 114 867 2042 940; baseline 0.005 -28"><span class='ocrx_word' id='word_1_96' title='bbox 114 869 200 913; x_wconf 89' lang='lat' dir='ltr'>mis</span> <span class='ocrx_word' id='word_1_97' title='bbox 231 867 454 913; x_wconf 84' lang='lat' dir='ltr'>veteribus</span> <span class='ocrx_word' id='word_1_98' title='bbox 488 868 702 916; x_wconf 88' lang='lat' dir='ltr'>illustrati.</span> <span class='ocrx_word' id='word_1_99' title='bbox 733 871 935 915; x_wconf 84' lang='lat' dir='ltr'>Viennae</span> <span class='ocrx_word' id='word_1_100' title='bbox 974 884 1114 931; x_wconf 88' lang='lat'>1744.</span> <span class='ocrx_word' id='word_1_101' title='bbox 1143 868 1222 916; x_wconf 89' lang='lat' dir='ltr'>fol.</span> <span class='ocrx_word' id='word_1_102' title='bbox 1307 873 1602 918; x_wconf 87' lang='lat' dir='ltr'>Praeterimus</span> <span class='ocrx_word' id='word_1_103' title='bbox 1635 873 1766 930; x_wconf 85' lang='lat' dir='ltr'>alios,</span> <span class='ocrx_word' id='word_1_104' title='bbox 1815 876 1893 936; x_wconf 91' lang='lat' dir='ltr'>qui</span> <span class='ocrx_word' id='word_1_105' title='bbox 1921 873 2042 940; x_wconf 86' lang='lat' dir='ltr'>apud</span> 
     </span>
     <span class='ocr_line' id='line_1_12' title="bbox 110 933 2042 1004; baseline 0.004 -22"><span class='ocrx_word' id='word_1_106' title='bbox 110 934 342 982; x_wconf 90' lang='lat' dir='ltr'>Labbeum</span> <span class='ocrx_word' id='word_1_107' title='bbox 365 951 407 982; x_wconf 92' lang='lat' dir='ltr'>et</span> <span class='ocrx_word' id='word_1_108' title='bbox 429 933 658 984; x_wconf 85' lang='lat' dir='ltr'>Struuium</span> <span class='ocrx_word' id='word_1_109' title='bbox 681 936 825 983; x_wconf 89' lang='lat' dir='ltr'>videri</span> <span class='ocrx_word' id='word_1_110' title='bbox 847 934 1040 1000; x_wconf 77' lang='lat' dir='ltr'>possum.</span> <span class='ocrx_word' id='word_1_111' title='bbox 1116 939 1328 984; x_wconf 88' lang='lat' dir='ltr'>Erizzum</span> <span class='ocrx_word' id='word_1_112' title='bbox 1352 955 1478 994; x_wconf 76' lang='lat' dir='ltr'>vem,</span> <span class='ocrx_word' id='word_1_113' title='bbox 1509 943 1712 986; x_wconf 87' lang='lat' dir='ltr'>Parutam</span> <span class='ocrx_word' id='word_1_114' title='bbox 1735 939 1930 1004; x_wconf 90' lang='lat' dir='ltr'>aliosque</span> <span class='ocrx_word' id='word_1_115' title='bbox 1951 943 2042 988; x_wconf 85' lang='lat' dir='ltr'>exi-</span> 
     </span>
     <span class='ocr_line' id='line_1_13' title="bbox 111 1002 2041 1070; baseline 0.004 -22"><span class='ocrx_word' id='word_1_116' title='bbox 111 1020 195 1064; x_wconf 81' lang='lat' dir='ltr'>gua</span> <span class='ocrx_word' id='word_1_117' title='bbox 220 1003 292 1049; x_wconf 91' lang='lat' dir='ltr'>vel</span> <span class='ocrx_word' id='word_1_118' title='bbox 316 1003 435 1049; x_wconf 87' lang='lat' dir='ltr'>nulla</span> <span class='ocrx_word' id='word_1_119' title='bbox 456 1006 617 1068; x_wconf 84' lang='lat' dir='ltr'>peritia</span> <span class='ocrx_word' id='word_1_120' title='bbox 639 1007 907 1051; x_wconf 76' lang='lat' dir='ltr'>litteraturae</span> <span class='ocrx_word' id='word_1_121' title='bbox 926 1002 1106 1066; x_wconf 80' lang='lat' dir='ltr'>graecae</span> <span class='ocrx_word' id='word_1_122' title='bbox 1128 1003 1363 1052; x_wconf 64' lang='lat' dir='ltr'>instru&amp;os</span> <span class='ocrx_word' id='word_1_123' title='bbox 1385 1006 1439 1052; x_wconf 87' lang='lat' dir='ltr'>ad</span> <span class='ocrx_word' id='word_1_124' title='bbox 1471 1007 1733 1070; x_wconf 83' lang='lat' dir='ltr'>explicanda</span> <span class='ocrx_word' id='word_1_125' title='bbox 1766 1011 1934 1055; x_wconf 85' lang='lat' dir='ltr'>Graeca</span> <span class='ocrx_word' id='word_1_126' title='bbox 1963 1026 2041 1055; x_wconf 89' lang='lat' dir='ltr'>nu-</span> 
     </span>
     <span class='ocr_line' id='line_1_14' title="bbox 109 1068 2046 1137; baseline 0.004 -22"><span class='ocrx_word' id='word_1_127' title='bbox 109 1068 310 1116; x_wconf 86' lang='lat' dir='ltr'>mismata</span> <span class='ocrx_word' id='word_1_128' title='bbox 333 1068 576 1118; x_wconf 86' lang='lat' dir='ltr'>infeliciter</span> <span class='ocrx_word' id='word_1_129' title='bbox 596 1070 804 1120; x_wconf 78' lang='lat' dir='ltr'>acceffiss&#39;e</span> <span class='ocrx_word' id='word_1_130' title='bbox 826 1088 982 1119; x_wconf 88' lang='lat' dir='ltr'>monet</span> <span class='ocrx_word' id='word_1_131' title='bbox 1001 1073 1162 1120; x_wconf 86' lang='lat' dir='ltr'>Ezech.</span> <span class='ocrx_word' id='word_1_132' title='bbox 1186 1074 1483 1137; x_wconf 84' lang='lat' dir='ltr'>Spanhemius</span> <span class='ocrx_word' id='word_1_133' title='bbox 1508 1090 1608 1137; x_wconf 80' lang='lat' dir='ltr'>pag.</span> <span class='ocrx_word' id='word_1_134' title='bbox 1637 1090 1743 1134; x_wconf 80' lang='lat'>307.</span> <span class='ocrx_word' id='word_1_135' title='bbox 1773 1075 1828 1122; x_wconf 87' lang='lat' dir='ltr'>de</span> <span class='ocrx_word' id='word_1_136' title='bbox 1857 1075 1938 1122; x_wconf 88' lang='lat' dir='ltr'>vsu</span> <span class='ocrx_word' id='word_1_137' title='bbox 1964 1093 2046 1122; x_wconf 88' lang='lat' dir='ltr'>nu-</span> 
     </span>
     <span class='ocr_line' id='line_1_15' title="bbox 106 1136 2045 1204; baseline 0.004 -21"><span class='ocrx_word' id='word_1_138' title='bbox 106 1136 297 1186; x_wconf 88' lang='lat' dir='ltr'>mismat.</span> <span class='ocrx_word' id='word_1_139' title='bbox 321 1140 424 1186; x_wconf 88' lang='lat' dir='ltr'>edit.</span> <span class='ocrx_word' id='word_1_140' title='bbox 446 1138 582 1187; x_wconf 89' lang='lat' dir='ltr'>Amst.</span> <span class='ocrx_word' id='word_1_141' title='bbox 625 1141 770 1188; x_wconf 86' lang='lat' dir='ltr'>Sicilia</span> <span class='ocrx_word' id='word_1_142' title='bbox 787 1137 1100 1190; x_wconf 74' lang='lat' dir='ltr'>numismatica</span> <span class='ocrx_word' id='word_1_143' title='bbox 1118 1157 1250 1204; x_wconf 90' lang='lat' dir='ltr'>quarn</span> <span class='ocrx_word' id='word_1_144' title='bbox 1271 1141 1454 1188; x_wconf 87' lang='lat' dir='ltr'>molitus</span> <span class='ocrx_word' id='word_1_145' title='bbox 1476 1140 1536 1188; x_wconf 90' lang='lat' dir='ltr'>est</span> <span class='ocrx_word' id='word_1_146' title='bbox 1556 1145 1744 1189; x_wconf 86' lang='lat' dir='ltr'>Ioannes</span> <span class='ocrx_word' id='word_1_147' title='bbox 1756 1145 1898 1190; x_wconf 90' lang='lat' dir='ltr'>Maria</span> <span class='ocrx_word' id='word_1_148' title='bbox 1913 1150 2045 1192; x_wconf 87' lang='lat' dir='ltr'>Ama-</span> 
     </span>
     <span class='ocr_line' id='line_1_16' title="bbox 106 1207 2042 1275; baseline 0.005 -24"><span class='ocrx_word' id='word_1_149' title='bbox 106 1207 163 1258; x_wconf 91' lang='lat' dir='ltr'>ti‚</span> <span class='ocrx_word' id='word_1_150' title='bbox 200 1210 240 1252; x_wconf 90' lang='lat' dir='ltr'>S.</span> <span class='ocrx_word' id='word_1_151' title='bbox 267 1210 299 1252; x_wconf 90' lang='grc' dir='ltr'>Ι.</span> <span class='ocrx_word' id='word_1_152' title='bbox 321 1207 426 1253; x_wconf 89' lang='lat' dir='ltr'>vide</span> <span class='ocrx_word' id='word_1_153' title='bbox 452 1208 1000 1255; x_wconf 79' lang='lat' dir='ltr'>memorias-Treuoltinas</span> <span class='ocrx_word' id='word_1_154' title='bbox 1029 1214 1084 1256; x_wconf 88' lang='lat' dir='ltr'>A.</span> <span class='ocrx_word' id='word_1_155' title='bbox 1111 1224 1249 1270; x_wconf 84' lang='lat'>1705.</span> <span class='ocrx_word' id='word_1_156' title='bbox 1271 1227 1313 1274; x_wconf 90' lang='lat' dir='ltr'>p.</span> <span class='ocrx_word' id='word_1_157' title='bbox 1343 1217 1481 1270; x_wconf 81' lang='lat'>1640.</span> <span class='ocrx_word' id='word_1_158' title='bbox 1509 1224 1552 1256; x_wconf 93' lang='lat' dir='ltr'>et</span> <span class='ocrx_word' id='word_1_159' title='bbox 1573 1214 1624 1256; x_wconf 80' lang='lat' dir='ltr'>A.</span> <span class='ocrx_word' id='word_1_160' title='bbox 1654 1225 1796 1271; x_wconf 79' lang='lat'>1713.</span> <span class='ocrx_word' id='word_1_161' title='bbox 1828 1228 1872 1275; x_wconf 91' lang='lat' dir='ltr'>p.</span> <span class='ocrx_word' id='word_1_162' title='bbox 1900 1225 2042 1267; x_wconf 85' lang='lat'>1290.</span> 
     </span>
     <span class='ocr_line' id='line_1_17' title="bbox 109 1272 2047 1339; baseline 0.003 -21"><span class='ocrx_word' id='word_1_163' title='bbox 109 1272 280 1326; x_wconf 90' lang='lat' dir='ltr'>lucem,</span> <span class='ocrx_word' id='word_1_164' title='bbox 326 1274 450 1336; x_wconf 88' lang='lat' dir='ltr'>quod</span> <span class='ocrx_word' id='word_1_165' title='bbox 477 1272 685 1328; x_wconf 85' lang='lat' dir='ltr'>sciamus,</span> <span class='ocrx_word' id='word_1_166' title='bbox 722 1293 815 1322; x_wconf 89' lang='lat' dir='ltr'>non</span> <span class='ocrx_word' id='word_1_167' title='bbox 837 1277 965 1322; x_wconf 89' lang='lat' dir='ltr'>vidit.</span> <span class='ocrx_word' id='word_1_168' title='bbox 1040 1280 1110 1322; x_wconf 92' lang='lat' dir='ltr'>De</span> <span class='ocrx_word' id='word_1_169' title='bbox 1129 1277 1302 1323; x_wconf 89' lang='lat' dir='ltr'>talentis</span> <span class='ocrx_word' id='word_1_170' title='bbox 1326 1278 1504 1329; x_wconf 89' lang='lat' dir='ltr'>Siculis,</span> <span class='ocrx_word' id='word_1_171' title='bbox 1544 1293 1680 1339; x_wconf 88' lang='lat' dir='ltr'>reque</span> <span class='ocrx_word' id='word_1_172' title='bbox 1704 1280 1906 1326; x_wconf 89' lang='lat' dir='ltr'>numaria</span> <span class='ocrx_word' id='word_1_173' title='bbox 1936 1280 2047 1325; x_wconf 90' lang='lat' dir='ltr'>anti-</span> 
     </span>
     <span class='ocr_line' id='line_1_18' title="bbox 112 1341 2094 1408; baseline 0.004 -24"><span class='ocrx_word' id='word_1_174' title='bbox 112 1342 272 1402; x_wconf 86' lang='lat' dir='ltr'>quiore</span> <span class='ocrx_word' id='word_1_175' title='bbox 308 1342 561 1386; x_wconf 88' lang='lat' dir='ltr'>Siculorum</span> <span class='ocrx_word' id='word_1_176' title='bbox 580 1344 754 1388; x_wconf 86' lang='lat' dir='ltr'>erudit-a</span> <span class='ocrx_word' id='word_1_177' title='bbox 777 1341 980 1387; x_wconf 88' lang='lat' dir='ltr'>obseruat</span> <span class='ocrx_word' id='word_1_178' title='bbox 1000 1345 1128 1390; x_wconf 87' lang='lat' dir='ltr'>Rich.</span> <span class='ocrx_word' id='word_1_179' title='bbox 1149 1344 1373 1390; x_wconf 87' lang='lat' dir='ltr'>Bentleius</span> <span class='ocrx_word' id='word_1_180' title='bbox 1405 1346 1450 1389; x_wconf 90' lang='lat' dir='ltr'>in</span> <span class='ocrx_word' id='word_1_181' title='bbox 1474 1341 1636 1390; x_wconf 80' lang='lat' dir='ltr'>differt.</span> <span class='ocrx_word' id='word_1_182' title='bbox 1658 1346 1830 1406; x_wconf 87' lang='lat' dir='ltr'>anglice</span> <span class='ocrx_word' id='word_1_183' title='bbox 1852 1347 1968 1392; x_wconf 86' lang='lat' dir='ltr'>edita</span> <span class='ocrx_word' id='word_1_184' title='bbox 1988 1345 2059 1392; x_wconf 83' lang='lat' dir='ltr'>de‘</span> <span class='ocrx_word' id='word_1_185' title='bbox 2091 1405 2094 1408; x_wconf 24' lang='grc' dir='ltr'>Ι</span> 
     </span>
     <span class='ocr_line' id='line_1_19' title="bbox 112 1406 2092 1477; baseline 0.003 -24"><span class='ocrx_word' id='word_1_186' title='bbox 112 1407 364 1471; x_wconf 58' lang='lat' dir='ltr'>Phalaridis</span> <span class='ocrx_word' id='word_1_187' title='bbox 380 1406 591 1471; x_wconf 80' lang='lat' dir='ltr'>epistolis,</span> <span class='ocrx_word' id='word_1_188' title='bbox 615 1411 685 1455; x_wconf 88' lang='lat' dir='ltr'>cui</span> <span class='ocrx_word' id='word_1_189' title='bbox 704 1412 839 1470; x_wconf 88' lang='lat' dir='ltr'>iunge</span> <span class='ocrx_word' id='word_1_190' title='bbox 860 1407 1113 1455; x_wconf 78' lang='lat' dir='ltr'>Salmafium</span> <span class='ocrx_word' id='word_1_191' title='bbox 1136 1410 1191 1456; x_wconf 90' lang='lat' dir='ltr'>de</span> <span class='ocrx_word' id='word_1_192' title='bbox 1209 1411 1348 1457; x_wconf 90' lang='lat' dir='ltr'>modo</span> <span class='ocrx_word' id='word_1_193' title='bbox 1370 1408 1602 1457; x_wconf 88' lang='lat' dir='ltr'>vsurarum</span> <span class='ocrx_word' id='word_1_194' title='bbox 1624 1420 1773 1475; x_wconf 87' lang='lat' dir='ltr'>cap.6.</span> <span class='ocrx_word' id='word_1_195' title='bbox 1842 1412 2045 1477; x_wconf 90' lang='lat' dir='ltr'>Philippi</span> <span class='ocrx_word' id='word_1_196' title='bbox 2088 1413 2092 1417; x_wconf 81' lang='grc'>’</span> 
     </span>
     <span class='ocr_line' id='line_1_20' title="bbox 112 1471 2045 1545; baseline 0.003 -24"><span class='ocrx_word' id='word_1_197' title='bbox 112 1479 295 1521; x_wconf 84' lang='lat' dir='ltr'>Parutae</span> <span class='ocrx_word' id='word_1_198' title='bbox 328 1471 592 1523; x_wconf 86' lang='lat' dir='ltr'>numismata</span> <span class='ocrx_word' id='word_1_199' title='bbox 621 1477 791 1523; x_wconf 80' lang='lat' dir='ltr'>Siciliae</span> <span class='ocrx_word' id='word_1_200' title='bbox 821 1477 1034 1540; x_wconf 83' lang='lat' dir='ltr'>prodiere</span> <span class='ocrx_word' id='word_1_201' title='bbox 1061 1479 1271 1523; x_wconf 83' lang='lat' dir='ltr'>Panormi</span> <span class='ocrx_word' id='word_1_202' title='bbox 1301 1484 1441 1527; x_wconf 83' lang='lat'>1602.</span> <span class='ocrx_word' id='word_1_203' title='bbox 1473 1475 1553 1527; x_wconf 88' lang='lat' dir='ltr'>fol.</span> <span class='ocrx_word' id='word_1_204' title='bbox 1599 1475 1673 1525; x_wconf 88' lang='lat' dir='ltr'>sed</span> <span class='ocrx_word' id='word_1_205' title='bbox 1701 1480 1880 1545; x_wconf 88' lang='lat' dir='ltr'>plenius</span> <span class='ocrx_word' id='word_1_206' title='bbox 1913 1497 2045 1545; x_wconf 82' lang='lat' dir='ltr'>opus,</span> 
     </span>
     <span class='ocr_line' id='line_1_21' title="bbox 112 1541 2044 1608; baseline 0.003 -20"><span class='ocrx_word' id='word_1_207' title='bbox 112 1541 342 1606; x_wconf 85' lang='lat' dir='ltr'>rariusque</span> <span class='ocrx_word' id='word_1_208' title='bbox 367 1542 554 1590; x_wconf 90' lang='lat' dir='ltr'>obuium</span> <span class='ocrx_word' id='word_1_209' title='bbox 574 1542 633 1590; x_wconf 82' lang='lat' dir='ltr'>est</span> <span class='ocrx_word' id='word_1_210' title='bbox 657 1545 780 1608; x_wconf 86' lang='lat' dir='ltr'>quod</span> <span class='ocrx_word' id='word_1_211' title='bbox 799 1543 1037 1591; x_wconf 87' lang='lat' dir='ltr'>Leonardo</span> <span class='ocrx_word' id='word_1_212' title='bbox 1060 1543 1310 1607; x_wconf 87' lang='lat' dir='ltr'>Augustino</span> <span class='ocrx_word' id='word_1_213' title='bbox 1344 1561 1521 1592; x_wconf 87' lang='lat' dir='ltr'>curante</span> <span class='ocrx_word' id='word_1_214' title='bbox 1549 1545 1695 1593; x_wconf 89' lang='lat' dir='ltr'>lucem</span> <span class='ocrx_word' id='word_1_215' title='bbox 1725 1548 1842 1594; x_wconf 90' lang='lat' dir='ltr'>vidit</span> <span class='ocrx_word' id='word_1_216' title='bbox 1871 1549 1961 1595; x_wconf 88' lang='lat' dir='ltr'>hoc</span> <span class='ocrx_word' id='word_1_217' title='bbox 1991 1550 2044 1594; x_wconf 86' lang='lat' dir='ltr'>ti-</span> 
     </span>
     <span class='ocr_line' id='line_1_22' title="bbox 113 1611 2045 1679; baseline 0.004 -24"><span class='ocrx_word' id='word_1_218' title='bbox 113 1611 236 1656; x_wconf 85' lang='lat' dir='ltr'>tulo:</span> <span class='ocrx_word' id='word_1_219' title='bbox 283 1612 322 1656; x_wconf 82' lang='lat' dir='ltr'>la</span> <span class='ocrx_word' id='word_1_220' title='bbox 343 1613 486 1658; x_wconf 86' lang='lat' dir='ltr'>Sicilia</span> <span class='ocrx_word' id='word_1_221' title='bbox 505 1614 558 1663; x_wconf 70' lang='lat' dir='ltr'>dii</span> <span class='ocrx_word' id='word_1_222' title='bbox 578 1614 730 1679; x_wconf 65' lang='lat' dir='ltr'>Filippo</span> <span class='ocrx_word' id='word_1_223' title='bbox 751 1616 941 1666; x_wconf 78' lang='lat' dir='ltr'>Parma,</span> <span class='ocrx_word' id='word_1_224' title='bbox 988 1612 1191 1674; x_wconf 72' lang='lat' dir='ltr'>destritta</span> <span class='ocrx_word' id='word_1_225' title='bbox 1223 1630 1296 1658; x_wconf 88' lang='lat' dir='ltr'>con</span> <span class='ocrx_word' id='word_1_226' title='bbox 1323 1613 1358 1658; x_wconf 79' lang='lat' dir='ltr'>le</span> <span class='ocrx_word' id='word_1_227' title='bbox 1389 1613 1615 1678; x_wconf 79' lang='lat' dir='ltr'>Medaglie.</span> <span class='ocrx_word' id='word_1_228' title='bbox 1642 1617 1774 1661; x_wconf 91' lang='lat' dir='ltr'>Rom.</span> <span class='ocrx_word' id='word_1_229' title='bbox 1804 1618 1943 1675; x_wconf 83' lang='lat'>1649.</span> <span class='ocrx_word' id='word_1_230' title='bbox 1963 1612 2045 1662; x_wconf 88' lang='lat' dir='ltr'>fol.</span> 
     </span>
     <span class='ocr_line' id='line_1_23' title="bbox 110 1677 2047 1743; baseline 0.004 -20"><span class='ocrx_word' id='word_1_231' title='bbox 110 1677 312 1743; x_wconf 87' lang='lat' dir='ltr'>Philippi</span> <span class='ocrx_word' id='word_1_232' title='bbox 333 1683 515 1726; x_wconf 85' lang='lat' dir='ltr'>Parutae</span> <span class='ocrx_word' id='word_1_233' title='bbox 537 1695 580 1726; x_wconf 92' lang='lat' dir='ltr'>et</span> <span class='ocrx_word' id='word_1_234' title='bbox 600 1679 859 1727; x_wconf 90' lang='lat' dir='ltr'>Leonhardi</span> <span class='ocrx_word' id='word_1_235' title='bbox 881 1679 1117 1741; x_wconf 87' lang='lat' dir='ltr'>Augustini</span> <span class='ocrx_word' id='word_1_236' title='bbox 1137 1679 1329 1728; x_wconf 88' lang='lat' dir='ltr'>Siciliam</span> <span class='ocrx_word' id='word_1_237' title='bbox 1352 1678 1728 1735; x_wconf 84' lang='lat' dir='ltr'>numismaticam‚</span> <span class='ocrx_word' id='word_1_238' title='bbox 1764 1683 1924 1729; x_wconf 86' lang='lat' dir='ltr'>additis</span> <span class='ocrx_word' id='word_1_239' title='bbox 1947 1687 2047 1730; x_wconf 88' lang='lat' dir='ltr'>Hu-</span> 
     </span>
     <span class='ocr_line' id='line_1_24' title="bbox 110 1744 2047 1815; baseline 0.002 -24"><span class='ocrx_word' id='word_1_240' title='bbox 110 1744 228 1792; x_wconf 87' lang='lat' dir='ltr'>berti</span> <span class='ocrx_word' id='word_1_241' title='bbox 252 1747 728 1811; x_wconf 73' lang='lat' dir='ltr'>Goltzii&#39;aliorumque</span> <span class='ocrx_word' id='word_1_242' title='bbox 750 1748 922 1794; x_wconf 87' lang='lat' dir='ltr'>Siciliae</span> <span class='ocrx_word' id='word_1_243' title='bbox 945 1747 1244 1813; x_wconf 86' lang='lat' dir='ltr'>descriptione</span> <span class='ocrx_word' id='word_1_244' title='bbox 1274 1764 1317 1795; x_wconf 88' lang='lat' dir='ltr'>et</span> <span class='ocrx_word' id='word_1_245' title='bbox 1348 1750 1394 1795; x_wconf 90' lang='lat' dir='ltr'>in</span> <span class='ocrx_word' id='word_1_246' title='bbox 1427 1747 1689 1796; x_wconf 86' lang='lat' dir='ltr'>numismata</span> <span class='ocrx_word' id='word_1_247' title='bbox 1717 1748 1886 1812; x_wconf 80' lang='lat' dir='ltr'>singula</span> <span class='ocrx_word' id='word_1_248' title='bbox 1906 1751 2047 1815; x_wconf 87' lang='lat' dir='ltr'>expli-</span> 
     </span>
     <span class='ocr_line' id='line_1_25' title="bbox 111 1814 2045 1882; baseline 0.002 -22"><span class='ocrx_word' id='word_1_249' title='bbox 111 1815 373 1868; x_wconf 80' lang='lat' dir='ltr'>cationibuS‚</span> <span class='ocrx_word' id='word_1_250' title='bbox 408 1817 582 1877; x_wconf 87' lang='lat' dir='ltr'>ingenti</span> <span class='ocrx_word' id='word_1_251' title='bbox 602 1832 792 1861; x_wconf 89' lang='lat' dir='ltr'>numero</span> <span class='ocrx_word' id='word_1_252' title='bbox 813 1814 1062 1863; x_wconf 86' lang='lat' dir='ltr'>tabularum</span> <span class='ocrx_word' id='word_1_253' title='bbox 1083 1816 1398 1881; x_wconf 86' lang='lat' dir='ltr'>locupletatam</span> <span class='ocrx_word' id='word_1_254' title='bbox 1417 1833 1460 1864; x_wconf 90' lang='lat' dir='ltr'>et</span> <span class='ocrx_word' id='word_1_255' title='bbox 1478 1834 1699 1882; x_wconf 85' lang='lat' dir='ltr'>perpetuo</span> <span class='ocrx_word' id='word_1_256' title='bbox 1715 1820 2045 1865; x_wconf 87' lang='lat' dir='ltr'>commentario</span> 
     </span>
     <span class='ocr_line' id='line_1_26' title="bbox 112 1879 2045 1949; baseline 0.003 -21"><span class='ocrx_word' id='word_1_257' title='bbox 112 1879 370 1931; x_wconf 86' lang='lat' dir='ltr'>illustratam</span> <span class='ocrx_word' id='word_1_258' title='bbox 392 1881 581 1930; x_wconf 72' lang='lat' dir='ltr'>iunfflm</span> <span class='ocrx_word' id='word_1_259' title='bbox 613 1883 909 1931; x_wconf 84' lang='lat' dir='ltr'>recudendam</span> <span class='ocrx_word' id='word_1_260' title='bbox 938 1886 1109 1931; x_wconf 88' lang='lat' dir='ltr'>curauit</span> <span class='ocrx_word' id='word_1_261' title='bbox 1130 1883 1398 1946; x_wconf 28' lang='lat' dir='ltr'>,Sigebertus</span> <span class='ocrx_word' id='word_1_262' title='bbox 1422 1889 1773 1949; x_wconf 68' lang='lat' dir='ltr'>Hauercamptw.</span> <span class='ocrx_word' id='word_1_263' title='bbox 1797 1887 1940 1948; x_wconf 84' lang='lat' dir='ltr'>Lugd.</span> <span class='ocrx_word' id='word_1_264' title='bbox 1957 1890 2045 1933; x_wconf 89' lang='lat' dir='ltr'>Bat.</span> 
     </span>
     <span class='ocr_line' id='line_1_27' title="bbox 119 1948 2044 2017; baseline 0.002 -21"><span class='ocrx_word' id='word_1_265' title='bbox 119 1962 239 2010; x_wconf 84' lang='lat'>1723</span> <span class='ocrx_word' id='word_1_266' title='bbox 270 1948 347 1996; x_wconf 87' lang='lat' dir='ltr'>fol.</span> <span class='ocrx_word' id='word_1_267' title='bbox 372 1969 480 2016; x_wconf 88' lang='lat' dir='ltr'>quae</span> <span class='ocrx_word' id='word_1_268' title='bbox 501 1951 639 1998; x_wconf 89' lang='lat' dir='ltr'>editio</span> <span class='ocrx_word' id='word_1_269' title='bbox 660 1953 849 2016; x_wconf 87' lang='lat' dir='ltr'>repetita</span> <span class='ocrx_word' id='word_1_270' title='bbox 869 1949 1029 1998; x_wconf 87' lang='lat' dir='ltr'>inserta</span> <span class='ocrx_word' id='word_1_271' title='bbox 1053 1950 1112 1998; x_wconf 90' lang='lat' dir='ltr'>est</span> <span class='ocrx_word' id='word_1_272' title='bbox 1132 1968 1242 1998; x_wconf 87' lang='lat' dir='ltr'>tom.</span> <span class='ocrx_word' id='word_1_273' title='bbox 1268 1959 1309 2000; x_wconf 90' lang='lat'>6.</span> <span class='ocrx_word' id='word_1_274' title='bbox 1331 1970 1360 2012; x_wconf 88' lang='lat'><strong>7</strong></span> <span class='ocrx_word' id='word_1_275' title='bbox 1384 1968 1427 1999; x_wconf 88' lang='lat' dir='ltr'>et</span> <span class='ocrx_word' id='word_1_276' title='bbox 1452 1961 1492 2008; x_wconf 89' lang='lat'>8.</span> <span class='ocrx_word' id='word_1_277' title='bbox 1514 1951 1706 1999; x_wconf 84' lang='lat' dir='ltr'>thesauri</span> <span class='ocrx_word' id='word_1_278' title='bbox 1730 1956 2044 2017; x_wconf 87' lang='lat' dir='ltr'>antiquitatum</span> 
     </span>
     <span class='ocr_line' id='line_1_28' title="bbox 111 2014 2045 2084; baseline 0.001 -19"><span class='ocrx_word' id='word_1_279' title='bbox 111 2032 154 2065; x_wconf 92' lang='lat' dir='ltr'>et</span> <span class='ocrx_word' id='word_1_280' title='bbox 179 2014 388 2066; x_wconf 85' lang='lat' dir='ltr'>historiae</span> <span class='ocrx_word' id='word_1_281' title='bbox 417 2018 603 2067; x_wconf 86' lang='lat' dir='ltr'>Siciliae.</span> <span class='ocrx_word' id='word_1_282' title='bbox 671 2021 902 2066; x_wconf 88' lang='lat' dir='ltr'>Vincentii</span> <span class='ocrx_word' id='word_1_283' title='bbox 929 2017 1192 2066; x_wconf 81' lang='lat' dir='ltr'>Mirabellae</span> <span class='ocrx_word' id='word_1_284' title='bbox 1220 2021 1573 2083; x_wconf 83' lang='lat' dir='ltr'>ichnographiae</span> <span class='ocrx_word' id='word_1_285' title='bbox 1595 2017 1910 2084; x_wconf 85' lang='lat' dir='ltr'>Syracusarum</span> <span class='ocrx_word' id='word_1_286' title='bbox 1934 2021 2045 2068; x_wconf 89' lang='lat' dir='ltr'>anti-</span> 
     </span>
     <span class='ocr_line' id='line_1_29' title="bbox 110 2084 2043 2152; baseline 0.002 -22"><span class='ocrx_word' id='word_1_287' title='bbox 110 2087 331 2149; x_wconf 88' lang='lat' dir='ltr'>quitatum</span> <span class='ocrx_word' id='word_1_288' title='bbox 354 2087 617 2150; x_wconf 86' lang='lat' dir='ltr'>explicatio,</span> <span class='ocrx_word' id='word_1_289' title='bbox 650 2102 702 2133; x_wconf 91' lang='lat' dir='ltr'>vt</span> <span class='ocrx_word' id='word_1_290' title='bbox 733 2101 777 2134; x_wconf 95' lang='lat' dir='ltr'>et</span> <span class='ocrx_word' id='word_1_291' title='bbox 795 2084 1113 2141; x_wconf 84' lang='lat' dir='ltr'>numismatum</span> <span class='ocrx_word' id='word_1_292' title='bbox 1138 2087 1308 2152; x_wconf 87' lang='lat' dir='ltr'>aliquot</span> <span class='ocrx_word' id='word_1_293' title='bbox 1340 2085 1623 2135; x_wconf 69' lang='lat' dir='ltr'>selefflorum</span> <span class='ocrx_word' id='word_1_294' title='bbox 1661 2087 1858 2136; x_wconf 87' lang='lat' dir='ltr'>eiusdem</span> <span class='ocrx_word' id='word_1_295' title='bbox 1879 2091 2043 2152; x_wconf 82' lang='lat' dir='ltr'>Reipu-</span> 
     </span>
     <span class='ocr_line' id='line_1_30' title="bbox 110 2153 2042 2218; baseline -0.001 -16"><span class='ocrx_word' id='word_1_296' title='bbox 110 2154 252 2202; x_wconf 89' lang='lat' dir='ltr'>blicae</span> <span class='ocrx_word' id='word_1_297' title='bbox 271 2154 436 2203; x_wconf 87' lang='lat' dir='ltr'>liberae</span> <span class='ocrx_word' id='word_1_298' title='bbox 459 2169 501 2200; x_wconf 90' lang='lat' dir='ltr'>et</span> <span class='ocrx_word' id='word_1_299' title='bbox 518 2158 719 2215; x_wconf 82' lang='lat' dir='ltr'>Regum,</span> <span class='ocrx_word' id='word_1_300' title='bbox 755 2156 834 2218; x_wconf 92' lang='lat' dir='ltr'>qui</span> <span class='ocrx_word' id='word_1_301' title='bbox 865 2157 911 2201; x_wconf 91' lang='lat' dir='ltr'>in</span> <span class='ocrx_word' id='word_1_302' title='bbox 936 2155 1010 2202; x_wconf 87' lang='lat' dir='ltr'>illa</span> <span class='ocrx_word' id='word_1_303' title='bbox 1041 2157 1258 2202; x_wconf 87' lang='lat' dir='ltr'>dominati</span> <span class='ocrx_word' id='word_1_304' title='bbox 1291 2153 1412 2209; x_wconf 86' lang='lat' dir='ltr'>sunt,</span> <span class='ocrx_word' id='word_1_305' title='bbox 1453 2156 1596 2203; x_wconf 86' lang='lat' dir='ltr'>italice</span> <span class='ocrx_word' id='word_1_306' title='bbox 1629 2156 1898 2218; x_wconf 85' lang='lat' dir='ltr'>prodierunt</span> <span class='ocrx_word' id='word_1_307' title='bbox 1924 2160 2042 2202; x_wconf 85' lang='lat' dir='ltr'>Nea-</span> 
     </span>
     <span class='ocr_line' id='line_1_31' title="bbox 110 2219 2044 2288; baseline -0.001 -20"><span class='ocrx_word' id='word_1_308' title='bbox 110 2223 208 2288; x_wconf 87' lang='lat' dir='ltr'>poli</span> <span class='ocrx_word' id='word_1_309' title='bbox 242 2231 381 2282; x_wconf 85' lang='lat'><strong>16¹3·</strong></span> <span class='ocrx_word' id='word_1_310' title='bbox 412 2219 492 2268; x_wconf 90' lang='lat' dir='ltr'>fol.</span> <span class='ocrx_word' id='word_1_311' title='bbox 527 2236 622 2268; x_wconf 88' lang='lat' dir='ltr'>tum</span> <span class='ocrx_word' id='word_1_312' title='bbox 649 2224 698 2268; x_wconf 88' lang='lat' dir='ltr'>in</span> <span class='ocrx_word' id='word_1_313' title='bbox 729 2222 964 2270; x_wconf 88' lang='lat' dir='ltr'>volumine</span> <span class='ocrx_word' id='word_1_314' title='bbox 1003 2221 1198 2270; x_wconf 86' lang='lat' dir='ltr'>secundo</span> <span class='ocrx_word' id='word_1_315' title='bbox 1227 2219 1540 2284; x_wconf 80' lang='lat' dir='ltr'>Syracusarum</span> <span class='ocrx_word' id='word_1_316' title='bbox 1575 2225 1858 2285; x_wconf 89' lang='lat' dir='ltr'>antiquarum</span> <span class='ocrx_word' id='word_1_317' title='bbox 1894 2222 2044 2270; x_wconf 87' lang='lat' dir='ltr'>Iacobi</span> 
     </span>
    </p>

    <p class='ocr_par' dir='ltr' id='par_1_3' title="bbox 50 2285 2044 2692">
     <span class='ocr_line' id='line_1_32' title="bbox 111 2285 2044 2353; baseline -0.001 -15"><span class='ocrx_word' id='word_1_318' title='bbox 111 2293 330 2345; x_wconf 68' lang='lat' dir='ltr'>BQn‘anni,</span> <span class='ocrx_word' id='word_1_319' title='bbox 354 2291 566 2338; x_wconf 87' lang='lat' dir='ltr'>Panormi</span> <span class='ocrx_word' id='word_1_320' title='bbox 600 2303 736 2351; x_wconf 85' lang='lat'>1717.</span> <span class='ocrx_word' id='word_1_321' title='bbox 757 2287 837 2337; x_wconf 89' lang='lat' dir='ltr'>fol.</span> <span class='ocrx_word' id='word_1_322' title='bbox 859 2291 1054 2353; x_wconf 87' lang='lat' dir='ltr'>denique</span> <span class='ocrx_word' id='word_1_323' title='bbox 1072 2291 1205 2335; x_wconf 88' lang='lat' dir='ltr'>latine</span> <span class='ocrx_word' id='word_1_324' title='bbox 1226 2285 1376 2334; x_wconf 87' lang='lat' dir='ltr'>versae</span> <span class='ocrx_word' id='word_1_325' title='bbox 1398 2303 1441 2334; x_wconf 91' lang='lat' dir='ltr'>et</span> <span class='ocrx_word' id='word_1_326' title='bbox 1477 2290 1595 2334; x_wconf 87' lang='lat' dir='ltr'>notis</span> <span class='ocrx_word' id='word_1_327' title='bbox 1616 2288 1850 2336; x_wconf 85' lang='lat' dir='ltr'>illustratae</span> <span class='ocrx_word' id='word_1_328' title='bbox 1871 2300 1901 2335; x_wconf 72' lang='lat' dir='ltr'>‘a</span> <span class='ocrx_word' id='word_1_329' title='bbox 1923 2293 2044 2350; x_wconf 86' lang='lat' dir='ltr'>Sige-</span> 
     </span>
     <span class='ocr_line' id='line_1_33' title="bbox 73 2346 2044 2422; baseline -0.001 -17"><span class='ocrx_word' id='word_1_330' title='bbox 73 2346 86 2351; x_wconf 69' lang='lat'>,</span> <span class='ocrx_word' id='word_1_331' title='bbox 113 2358 242 2406; x_wconf 88' lang='lat' dir='ltr'>berto</span> <span class='ocrx_word' id='word_1_332' title='bbox 265 2363 596 2422; x_wconf 86' lang='lat' dir='ltr'>Hauercamp0‚</span> <span class='ocrx_word' id='word_1_333' title='bbox 626 2372 669 2404; x_wconf 88' lang='lat' dir='ltr'>et</span> <span class='ocrx_word' id='word_1_334' title='bbox 693 2353 878 2405; x_wconf 86' lang='lat' dir='ltr'>insertae</span> <span class='ocrx_word' id='word_1_335' title='bbox 906 2358 1132 2404; x_wconf 87' lang='lat' dir='ltr'>volumini</span> <span class='ocrx_word' id='word_1_336' title='bbox 1156 2357 1338 2411; x_wconf 86' lang='lat' dir='ltr'>decimo</span> <span class='ocrx_word' id='word_1_337' title='bbox 1353 2352 1546 2402; x_wconf 88' lang='lat' dir='ltr'>thesauri</span> <span class='ocrx_word' id='word_1_338' title='bbox 1573 2358 1884 2420; x_wconf 84' lang='lat' dir='ltr'>antiquitatum</span> <span class='ocrx_word' id='word_1_339' title='bbox 1910 2373 1953 2404; x_wconf 88' lang='lat' dir='ltr'>et</span> <span class='ocrx_word' id='word_1_340' title='bbox 1976 2357 2044 2404; x_wconf 89' lang='lat' dir='ltr'>hi·</span> 
     </span>
     <span class='ocr_line' id='line_1_34' title="bbox 111 2421 2044 2490; baseline -0.001 -18"><span class='ocrx_word' id='word_1_341' title='bbox 111 2425 268 2475; x_wconf 88' lang='lat' dir='ltr'>storiae</span> <span class='ocrx_word' id='word_1_342' title='bbox 296 2428 478 2476; x_wconf 84' lang='lat' dir='ltr'>Siciliae.</span> <span class='ocrx_word' id='word_1_343' title='bbox 547 2421 857 2488; x_wconf 86' lang='lat' dir='ltr'>Syracusanam</span> <span class='ocrx_word' id='word_1_344' title='bbox 878 2443 1059 2490; x_wconf 89' lang='lat' dir='ltr'>quoque</span> <span class='ocrx_word' id='word_1_345' title='bbox 1090 2424 1396 2471; x_wconf 86' lang='lat' dir='ltr'>monarchiam</span> <span class='ocrx_word' id='word_1_346' title='bbox 1429 2442 1482 2470; x_wconf 82' lang='lat' dir='ltr'>ex</span> <span class='ocrx_word' id='word_1_347' title='bbox 1512 2425 1661 2470; x_wconf 84' lang='lat' dir='ltr'>numis</span> <span class='ocrx_word' id='word_1_348' title='bbox 1695 2423 1928 2472; x_wconf 88' lang='lat' dir='ltr'>illustrauit</span> <span class='ocrx_word' id='word_1_349' title='bbox 1949 2425 2044 2472; x_wconf 91' lang='lat' dir='ltr'>Mi-</span> 
     </span>
     <span class='ocr_line' id='line_1_35' title="bbox 114 2485 2044 2558; baseline 0 -17"><span class='ocrx_word' id='word_1_350' title='bbox 114 2497 234 2542; x_wconf 83' lang='lat' dir='ltr'>chael</span> <span class='ocrx_word' id='word_1_351' title='bbox 255 2496 458 2544; x_wconf 90' lang='lat' dir='ltr'>Gottlieb</span> <span class='ocrx_word' id='word_1_352' title='bbox 484 2493 786 2554; x_wconf 62' lang='lat' dir='ltr'>Agnethlerus‘</span> <span class='ocrx_word' id='word_1_353' title='bbox 817 2509 940 2558; x_wconf 84' lang='lat' dir='ltr'>parte</span> <span class='ocrx_word' id='word_1_354' title='bbox 968 2495 1096 2541; x_wconf 87' lang='lat' dir='ltr'>tertia</span> <span class='ocrx_word' id='word_1_355' title='bbox 1123 2490 1392 2556; x_wconf 82' lang='lat' dir='ltr'>scriptorum</span> <span class='ocrx_word' id='word_1_356' title='bbox 1417 2485 1695 2538; x_wconf 84' lang='lat' dir='ltr'>illustrandae</span> <span class='ocrx_word' id='word_1_357' title='bbox 1729 2491 1881 2542; x_wconf 87' lang='lat' dir='ltr'>histor.</span> <span class='ocrx_word' id='word_1_358' title='bbox 1910 2495 2044 2541; x_wconf 86' lang='lat' dir='ltr'>vniv.</span> 
     </span>
     <span class='ocr_line' id='line_1_36' title="bbox 112 2557 2044 2628; baseline 0.003 -25"><span class='ocrx_word' id='word_1_359' title='bbox 112 2560 450 2615; x_wconf 59' lang='lat' dir='ltr'>infel-mentium</span> <span class='ocrx_word' id='word_1_360' title='bbox 480 2581 576 2628; x_wconf 73' lang='lat' dir='ltr'>pag.</span> <span class='ocrx_word' id='word_1_361' title='bbox 602 2579 693 2621; x_wconf 84' lang='lat'>295</span> <span class='ocrx_word' id='word_1_362' title='bbox 722 2557 813 2625; x_wconf 74' lang='lat' dir='ltr'>sqq.</span> <span class='ocrx_word' id='word_1_363' title='bbox 889 2566 958 2611; x_wconf 88' lang='lat' dir='ltr'>De</span> <span class='ocrx_word' id='word_1_364' title='bbox 981 2558 1247 2607; x_wconf 87' lang='lat' dir='ltr'>numismate</span> <span class='ocrx_word' id='word_1_365' title='bbox 1273 2561 1526 2617; x_wconf 63' lang='lat' dir='ltr'>Damared,</span> <span class='ocrx_word' id='word_1_366' title='bbox 1562 2560 1684 2623; x_wconf 83' lang='lat' dir='ltr'>quod</span> <span class='ocrx_word' id='word_1_367' title='bbox 1709 2562 2044 2609; x_wconf 80' lang='lat' dir='ltr'>DamareteGe-</span> 
     </span>
     <span class='ocr_line' id='line_1_37' title="bbox 50 2628 1584 2692; baseline -0.001 -17"><span class='ocrx_word' id='word_1_368' title='bbox 50 2667 60 2675; x_wconf 78' lang='lat'>.</span> <span class='ocrx_word' id='word_1_369' title='bbox 112 2635 229 2683; x_wconf 88' lang='lat' dir='ltr'>lonis</span> <span class='ocrx_word' id='word_1_370' title='bbox 247 2650 365 2685; x_wconf 83' lang='lat' dir='ltr'>vxor</span> <span class='ocrx_word' id='word_1_371' title='bbox 389 2634 493 2682; x_wconf 88' lang='lat' dir='ltr'>cudi</span> <span class='ocrx_word' id='word_1_372' title='bbox 522 2631 716 2688; x_wconf 80' lang='lat' dir='ltr'>curauit,</span> <span class='ocrx_word' id='word_1_373' title='bbox 749 2629 855 2678; x_wconf 87' lang='lat' dir='ltr'>vide</span> <span class='ocrx_word' id='word_1_374' title='bbox 873 2629 1063 2678; x_wconf 89' lang='lat' dir='ltr'>Diodor.</span> <span class='ocrx_word' id='word_1_375' title='bbox 1085 2628 1285 2677; x_wconf 84' lang='lat' dir='ltr'>Siculum</span> <span class='ocrx_word' id='word_1_376' title='bbox 1306 2630 1380 2673; x_wconf 83' lang='lat' dir='ltr'>Xl.</span> <span class='ocrx_word' id='word_1_377' title='bbox 1405 2644 1448 2692; x_wconf 85' lang='lat' dir='ltr'>p.</span> <span class='ocrx_word' id='word_1_378' title='bbox 1473 2636 1584 2686; x_wconf 80' lang='lat'>256.</span> 
     </span>
    </p>
   </div>
   <div class='ocr_carea' id='block_1_3' title="bbox 1850 2763 2039 2809">
    <p class='ocr_par' dir='ltr' id='par_1_4' title="bbox 1850 2763 2039 2809">
     <span class='ocr_line' id='line_1_38' title="bbox 1850 2763 2039 2809; baseline 0 0"><span class='ocrx_word' id='word_1_379' title='bbox 1850 2764 1945 2809; x_wconf 79' lang='lat' dir='ltr'>XII.</span> <span class='ocrx_word' id='word_1_380' title='bbox 1969 2763 2039 2809; x_wconf 90' lang='lat' dir='ltr'>De</span> 
     </span>
    </p>
   </div>
  </div>
 </body>
</html>
