2263 3027
257 78 710 137 EXORCISMVS‚
736 76 1354 154 *ABRENVNCIATQ
1390 66 1789 130 SYMBOLVM.
1900 90 1995 142 555

67 221 211 271 1735.
251 207 410 274 Magni
427 200 778 270 Beronii,Vpsa1.
798 217 938 263 1740.
977 201 1334 269 Ioan.Chr2st0ph.
1356 196 1995 267 WernsdorfiijVitemb.1749.

60 275 248 323 Videbis
261 278 411 335 etiam,
430 274 510 322 vbi
528 273 712 326 iubebit,
737 288 849 336 quae
869 270 925 316 de
945 267 1250 329 exsufflatione
1271 287 1314 318 et
1328 269 1883 335 insputationeDaemonis
1896 273 1998 316 Ros-

60 346 217 392 weidns
238 344 292 391 ad
316 345 439 390 Vitas
459 346 702 405 Patrump.
716 346 832 401 785.
854 352 896 384 et
917 337 972 384 de
991 335 1249 385 exorcismis
1269 340 1533 385 Iudaeorum
1549 337 1996 400 Christianorumque

60 411 242 472 collegit
263 414 468 457 Antonius
487 425 574 458 van
593 407 698 455 Dale
716 407 771 454 de
791 404 1145 452 diuinationibus
1172 406 1461 452 idololatricis
1482 411 1536 453 V.
1557 402 1614 453 T.
1645 424 1678 452 c.
1696 421 1746 465 7.
1771 422 1870 470 pag.
1899 419 1988 467 545

61 476 124 540 sq.
149 494 256 541 553.
295 482 365 526 De
395 475 612 525 formula:
644 473 904 522 Abrenuncio
931 476 1115 520 Satanae
1143 485 1185 518 et
1216 472 1402 519 omnibus
1431 472 1621 539 operibus
1650 491 1698 519 ac
1713 479 1868 539 pompis
1889 479 1991 523 eins,

61 561 192 609 quam
213 544 363 593 eresto
383 560 588 609 corpore,
611 539 821 607 protensa
844 558 992 594 manu,
1015 538 1129 588 facie
1153 541 1206 586 ad
1227 541 1505 587 occidentem
1530 539 1654 588 versa
1686 539 1840 587 dixisse
1862 540 1992 586 docet

62 614 246 675 Cyrillus
267 609 492 663 Hierosol.
514 614 546 665 I,
570 623 620 662 2.
643 608 821 657 Catech.
843 606 1035 672 Mystag.
1049 609 1121 656 adi
1135 609 1371 655 Marthiam
1390 612 1776 656 Zimmermannum
1798 609 1844 653 in
1859 607 1991 653 libro:

59 683 196 728 Fiunt
216 697 308 727 non
334 675 568 727 nascuntur
587 677 825 726 Christiani
845 675 872 742 ᾗ
898 685 972 732 81.
997 691 1040 722 et
1058 678 1105 722 in
1129 674 1335 722 analeffis
1356 692 1403 739 p.
1429 686 1521 737 528
1545 674 1608 740 sq.
1642 676 1847 743 losbphum
1881 678 1995 722 Vice-

60 754 250 794 comitem
267 748 323 795 de
338 747 529 810 antiquis
547 743 757 811 baptismi
779 745 939 791 ritibus
965 743 1066 790 libr.
1092 757 1135 793 2.
1167 760 1202 790 c.
1235 753 1290 792 16
1311 740 1403 806 sqq.
1447 746 1561 796 Ioan.
1582 745 1720 810 Steph.
1746 746 1995 789 Durantum

16 849 21 855 -
61 816 89 863 l.
117 834 153 863 e.
177 816 252 862 lib.
276 832 310 862 1.
334 832 368 861 c.
388 831 456 870 19.
475 830 520 878 p.
534 824 612 873 76.
648 813 763 861 Ioan.
789 809 1104 859 Hoornbekium
1128 807 1311 858 Miscell.
1335 814 1449 857 Sacr.
1471 811 1548 858 lib.
1570 829 1607 859 1.
1631 828 1784 875 cap.7.
1814 827 1857 874 p.
1886 823 1992 868 502.

58 883 214 949 Icybph.
233 882 508 948 Binghamum
539 881 617 934 lib.
637 884 712 928 XI.
734 898 769 927 c.
794 896 838 938 7.
860 877 1046 926 Barnab.
1069 877 1242 942 Brtffin.
1263 881 1310 925 in
1338 881 1661 924 comment-ario
1686 880 1740 925 ad
1753 883 1803 927 L.
1827 879 1881 924 de
1901 875 1996 941 spe-

60 947 237 997 &aeulis
259 965 302 995 et
321 944 470 1002 feriis,
494 952 556 1001 T.
577 952 701 995 VIII.
732 945 926 995 thesauri
947 949 1161 995 Gronov.
1192 963 1291 1011 pag.
1314 955 1455 1005 2398.
1494 945 1710 993 Gerhard.
1737 947 1911 1005 Vqffimn
1940 945 1995 990 ad

57 1018 298 1082 Ephraem.
318 1019 487 1079 Syrum
508 1033 552 1081 p.
571 1031 660 1075 195
685 1013 744 1080 sq.
779 1030 822 1062 et
853 1015 1061 1081 Theophil.
1081 1016 1358 1076 Raynaudum
1379 1016 1427 1059 in
1449 1012 1740 1060 Heteroclitis
1761 1010 1998 1078 spirituali—

58 1083 154 1138 bus,
178 1101 223 1149 p.
243 1081 438 1148 158sqq.
473 1085 722 1148 Qiomodo
752 1099 794 1130 et
815 1083 995 1146 quando
1017 1084 1090 1130 hic
1111 1084 1220 1128 ritus
1243 1082 1290 1127 in
1321 1079 1507 1127 Ecclefia
1529 1084 1698 1129 Graeca
1732 1079 1997 1128 adhibeatur

62 1152 190 1199 docet
210 1154 467 1215 Heineccius·
485 1152 689 1200 delineat.
729 1149 944 1198 Ecclesiae
971 1154 1130 1198 Graec.
1159 1151 1323 1199 veteris
1348 1164 1389 1195 et
1410 1151 1649 1196 recentior.
1683 1152 1729 1198 P.
1757 1166 1796 1210 3.
1829 1164 1872 1214 p,
1901 1155 1993 1207 308

59 1216 153 1282 sqq.
189 1217 425 1280 Postquam
446 1221 625 1266 Satanae
648 1215 1042 1271 abrenunciaffent‚
1059 1214 1298 1279 Symbolum
1318 1219 1560 1264 recitarunt
1581 1215 1835 1281 baptizandi
1865 1215 1999 1262 vultu

60 1287 118 1332 ad
139 1286 361 1330 orientem
384 1281 616 1331 conuerso.
686 1285 806 1331 Vide
825 1285 1019 1330 eundem
1044 1286 1269 1347 Cyriilum
1290 1301 1332 1346 p.
1349 1293 1458 1343 283.
1488 1302 1532 1331 et
1562 1287 1683 1338 Ioan.
1707 1280 1999 1330 Pearsoniuin

63 1351 119 1401 ad
137 1349 406 1412 Symbolum
430 1367 532 1414 pag.
547 1363 627 1400 21.
665 1352 734 1397 De
756 1348 978 1414 baptismo
1001 1350 1282 1396 Clinicorum
1304 1347 1394 1395 fiue
1416 1352 1856 1397 Catechurnenorum
1883 1364 1998 1414 quos

62 1417 250 1465 morbus
274 1416 528 1482 occupabat,
546 1417 635 1464 fiue
659 1416 850 1464 aliorum
881 1419 960 1481 qui
990 1432 1049 1463 ne
1079 1413 1180 1480 post
1207 1412 1474 1481 baptismum
1511 1417 1556 1462 in
1581 1431 1756 1480 peccata
1790 1419 1998 1479 grauiora

62 1483 407 1550 prolaberentur
435 1485 547 1532 illud
578 1483 774 1531 libenter
805 1485 857 1530 ad
888 1499 1088 1530 mortem
1115 1485 1430 1530 imminentem
1459 1480 1748 1539 differebant,
1776 1484 2001 1532 videndus

63 1553 366 1613 Marquardus
385 1555 543 1598 Gudius
561 1554 608 1598 in
628 1548 725 1599 diff.
747 1547 826 1598 sub
849 1555 882 1596 Ι.
902 1551 1083 1598 Andrea'
1101 1548 1228 1597 Bofio
1254 1550 1401 1596 habita
1421 1555 1548 1597 Ie’nae
1575 1559 1715 1612 1657.
1739 1553 1793 1599 de
1814 1549 2000 1598 Clinicis

14 1625 23 1630 ”
62 1616 152 1665 fiue
177 1616 449 1665 Grabattariis
466 1623 569 1671 Vet.
589 1617 824 1672 Ecclefiae,
859 1617 1073 1664 Eiusdem
1093 1614 1430 1666 Introduffioni
1449 1618 1495 1663 in
1508 1618 1713 1665 notitiam
1727 1616 2005 1682 scriptorum-

64 1683 450 1733 ecclefiasticorum
476 1703 498 1731 a
521 1688 583 1731 Io.
606 1687 777 1747 Georg.
803 1684 1008 1732 Walchio
1030 1683 1175 1731 addita
1193 1699 1239 1749 p.
1258 1692 1364 1747 568.
1387 1700 1430 1731 et
1456 1685 1591 1733 Ioach.
1616 1685 1929 1732 Hildebrandus
1953 1688 2000 1731 in

64 1768 156 1799 arte
176 1751 291 1798 bene
313 1752 540 1800 moriendi
564 1768 597 1800 c.
615 1769 655 1810 3.
689 1756 888 1799 Suicerus
908 1754 956 1815 in
980 1749 1369 1799 obseruationibus
1389 1749 1517 1798 sacris
1539 1771 1635 1818 pag.
1663 1761 1721 1805 68
1746 1749 1809 1817 sq.
1841 1755 2000 1801 Petrus

66 1816 308 1866 lambecius
328 1822 446 1866 notis
466 1820 519 1866 ad
542 1822 681 1867 vitam
706 1823 748 1872 S.
770 1813 1023 1872 Anscffirii,
1044 1835 1088 1866 et
1105 1822 1348 1867 Edmundus
1370 1821 1571 1867 Martene
1590 1821 1668 1870 lib.
1699 1838 1739 1874 ι.
1763 1822 1818 1868 de
1838 1820 1998 1867 ritibus

68 1882 232 1943 Eccles.
244 1903 286 1950 p.
312 1901 402 1948 149
423 1885 483 1950 sq.
517 1891 587 1934 De
605 1888 886 1953 Baptizandis
907 1885 986 1934 sub
1006 1887 1280 1942 conditione,
1301 1884 1332 1934 fi
1351 1885 1640 1953 deBaptismo
1663 1889 1997 1954 iamimpertito

68 1970 163 2000 non
186 1968 306 1999 certo
327 1953 506 2007 constet,
528 1956 588 2003 id.
613 1973 657 2020 p.
683 1970 789 2009 152.
1553 2004 1558 2010 .

203 2018 542 2068 Immerfionem
559 2025 605 2068 in
627 2040 801 2087 aquam,
819 2020 1020 2070 latiffime
1038 2037 1125 2088 per
1141 2018 1272 2088 plura
1295 2017 1461 2070 saecula
1481 2039 1719 2089 receptam,
1744 2023 1871 2083 (vide
1882 2025 1997 2069 Elim.

71 2086 281 2137 Martem
303 2084 420 2133 libro
446 2087 618 2136 laudato
639 2106 682 2155 p.
711 2100 800 2147 128
822 2089 882 2156 sq.
904 2090 979 2138 vbi
1003 2093 1050 2137 in
1076 2090 1288 2136 omnibus
1309 2090 1435 2137 libris
1465 2090 1619 2155 priscis
1648 2091 1880 2138 ritualibus
1910 2093 1998 2136 ima

70 2152 338 2207 mersionem
360 2156 559 2220 praecipi
579 2155 807 2220 obseruat)
829 2156 1113 2224 Apostolicae
1130 2157 1383 2205 traditionis
1413 2157 1497 2205 ess'e
1517 2159 1797 2206 contendunt
1819 2159 1999 2205 Nep-rhoffi

72 2239 149 2272 nus
169 2221 422 2270 Knatchbzdl
439 2223 491 2269 ad
525 2238 538 2269 1
558 2225 760 2281 PetnllL
778 2241 851 2276 20.
891 2225 1066 2273 Gabriel
1087 2225 1304 2286 Tolversbn
1327 2225 1444 2271 libro
1470 2227 1663 2288 Anglico
1687 2227 1740 2272 de
1760 2222 1997 2290 baptismo.

73 2290 130 2336 de
150 2306 242 2353 quo
262 2288 358 2336 AR.
380 2289 515 2336 Erud.
549 2299 686 2347 1688,
705 2307 877 2358 P⁶244
912 2293 1092 2349 Carolus
1111 2292 1268 2339 Maria
1289 2295 1338 2337 de
1362 2295 1474 2339 Veiel
1492 2293 1544 2340 ad
1569 2292 1649 2341 A&
1672 2311 1721 2339 ›r.
1745 2296 1795 2338 II.
1807 2308 1915 2356 p.47
1931 2288 1996 2352 sq.

73 2371 117 2403 et
137 2360 259 2423 VIII.
284 2374 325 2422 p.
351 2365 452 2413 180.
494 2359 709 2420 Salmasius
725 2375 918 2425 apparat.
942 2361 996 2408 de
1014 2360 1211 2425 primatu
1231 2361 1370 2424 Papae
1393 2376 1439 2424 p.
1461 2377 1562 2421 ¹92·
1589 2363 1767 2407 Henric.
1785 2363 1999 2406 Fontanus

25 2443 31 2451 .,
73 2424 121 2469 in
141 2422 512 2472 dissertationibus
533 2426 587 2473 de
609 2428 699 2472 ritu
723 2427 955 2475 mersionis
977 2429 1023 2474 in
1043 2423 1163 2474 sacro
1184 2425 1456 2492 baptismate.
1478 2424 1676 2474 Traiecti
1704 2439 1840 2486 1705,
1861 2442 1904 2488 4.
1943 2428 2003 2471 10-

65 2490 213 2556 ftphus
239 2495 464 2539 Vicecomes
486 2494 540 2540 de
560 2492 718 2540 ritibus
740 2508 878 2542 veter.
899 2493 1099 2543 ecclefiae
1116 2496 1233 2541 circa
1256 2492 1526 2560 baptismum
1553 2493 1628 2540 lib.
1650 2509 1694 2555 4.
1725 2510 1760 2542 c.
1784 2509 1827 2553 7.
1866 2491 1999 2541 Gerh.

74 2557 191 2606 Ioan.
213 2561 363 2619 Vqffius
385 2558 495 2626 disp.
526 2576 565 2613 1.
587 2562 642 2608 de
668 2560 903 2626 baptismo,
923 2566 981 2609 T.
1006 2566 1084 2613 VI.
1115 2566 1238 2627 Opp.
1265 2570 1440 2626 12:256.
1481 2564 1592 2608 Ioan.
1619 2563 1703 2608 (iill
1717 2563 1766 2608 in
1787 2559 1905 2607 libro
1926 2576 1998 2606 ana

77 2624 216 2685 glico:
259 2628 342 2674 The
363 2635 528 2676 ancient
547 2632 665 2676 mode
683 2636 723 2694 os
749 2627 966 2697 baptizing
989 2627 1038 2693 by
1061 2631 1299 2691 Immevfion
1318 2633 1554 2678 nzaintened
1571 2628 1724 2694 agaitst
1745 2628 1814 2690 the
1832 2628 1997 2675 Author

75 2691 204 2754 qfthe
218 2695 403 2747 Manner
430 2694 775 2765 ffbaptizingky
805 2700 961 2756 Water,
984 2697 1135 2750 Lond.
1161 2704 1307 2758 1726,
1329 2706 1378 2756 8.
1404 2713 1448 2747 et
1475 2699 1531 2750 in
1553 2694 1810 2747 defensione
1844 2709 1997 2808 emina

247 2798 249 2800 ·
624 2790 627 2793 ·
1869 2765 1901 2809 ἓν
1926 2779 1995 2808 au»
