<?xml version="1.0" encoding="UTF-8"?>
<!DOCTYPE html PUBLIC "-//W3C//DTD XHTML 1.0 Transitional//EN"
    "http://www.w3.org/TR/xhtml1/DTD/xhtml1-transitional.dtd">
<html xmlns="http://www.w3.org/1999/xhtml" xml:lang="en" lang="en">
 <head>
  <title>
</title>
<meta http-equiv="Content-Type" content="text/html;charset=utf-8" />
  <meta name='ocr-system' content='tesseract 3.04.00' />
  <meta name='ocr-capabilities' content='ocr_page ocr_carea ocr_par ocr_line ocrx_word'/>
</head>
<body>
  <div class='ocr_page' id='page_1' title='image "./ioalbertifabrici00fabr/ioalbertifabrici00fabr_0717.png"; bbox 0 0 2263 3027; ppageno 0'>
   <div class='ocr_carea' id='block_1_1' title="bbox 586 68 2018 156">
    <p class='ocr_par' dir='ltr' id='par_1_1' title="bbox 586 68 2018 156">
     <span class='ocr_line' id='line_1_1' title="bbox 586 68 2018 156; baseline -0.005 -14"><span class='ocrx_word' id='word_1_1' title='bbox 586 90 680 142; x_wconf 82' lang='lat' dir='ltr'>DE</span> <span class='ocrx_word' id='word_1_2' title='bbox 714 85 1229 142; x_wconf 80' lang='lat' dir='ltr'><strong>REBVSPVBLICIS</strong></span> <span class='ocrx_word' id='word_1_3' title='bbox 1264 68 1504 153; x_wconf 73' lang='lat' dir='ltr'>VARns.</span> <span class='ocrx_word' id='word_1_4' title='bbox 1563 154 1566 156; x_wconf 11' lang='lat' dir='ltr'>q</span> <span class='ocrx_word' id='word_1_5' title='bbox 1923 93 2018 153; x_wconf 76' lang='lat'>⁶97</span> 
     </span>
    </p>
   </div>
   <div class='ocr_carea' id='block_1_2' title="bbox 36 209 2045 2430">
    <p class='ocr_par' dir='ltr' id='par_1_2' title="bbox 36 209 2045 2430">
     <span class='ocr_line' id='line_1_2' title="bbox 84 209 2024 285; baseline -0.003 -20"><span class='ocrx_word' id='word_1_6' title='bbox 84 219 206 285; x_wconf 77' lang='lat' dir='ltr'>gom&#39;z&#39;</span> <span class='ocrx_word' id='word_1_7' title='bbox 224 233 325 264; x_wconf 89' lang='lat' dir='ltr'>cum</span> <span class='ocrx_word' id='word_1_8' title='bbox 346 213 463 262; x_wconf 87' lang='lat' dir='ltr'>libro</span> <span class='ocrx_word' id='word_1_9' title='bbox 483 215 682 262; x_wconf 88' lang='lat' dir='ltr'>eiusdem</span> <span class='ocrx_word' id='word_1_10' title='bbox 713 215 768 261; x_wconf 87' lang='lat' dir='ltr'>de</span> <span class='ocrx_word' id='word_1_11' title='bbox 797 213 928 261; x_wconf 88' lang='lat' dir='ltr'>rebus</span> <span class='ocrx_word' id='word_1_12' title='bbox 960 211 1296 260; x_wconf 67' lang='lat' dir='ltr'>Atheniensium</span> <span class='ocrx_word' id='word_1_13' title='bbox 1324 231 1371 260; x_wconf 88' lang='lat' dir='ltr'>ac</span> <span class='ocrx_word' id='word_1_14' title='bbox 1401 209 1863 259; x_wconf 79' lang='lat' dir='ltr'>Lacedaemoniorum</span> <span class='ocrx_word' id='word_1_15' title='bbox 1893 211 2024 260; x_wconf 91' lang='lat' dir='ltr'>chro-</span> 
     </span>
     <span class='ocr_line' id='line_1_3' title="bbox 94 277 2023 347; baseline -0.002 -16"><span class='ocrx_word' id='word_1_16' title='bbox 94 285 305 346; x_wconf 86' lang='lat' dir='ltr'>nologice</span> <span class='ocrx_word' id='word_1_17' title='bbox 332 282 500 345; x_wconf 81' lang='lat' dir='ltr'>digesto</span> <span class='ocrx_word' id='word_1_18' title='bbox 523 284 791 347; x_wconf 86' lang='lat' dir='ltr'>prodierunt</span> <span class='ocrx_word' id='word_1_19' title='bbox 823 280 961 327; x_wconf 63' lang='lat' dir='ltr'>inusti</span> <span class='ocrx_word' id='word_1_20' title='bbox 992 281 1087 325; x_wconf 86' lang='lat' dir='ltr'>aliis</span> <span class='ocrx_word' id='word_1_21' title='bbox 1117 280 1381 343; x_wconf 84' lang='lat' dir='ltr'>quibusdam</span> <span class='ocrx_word' id='word_1_22' title='bbox 1407 282 1579 342; x_wconf 82' lang='lat' dir='ltr'>Sigonii</span> <span class='ocrx_word' id='word_1_23' title='bbox 1602 277 1800 343; x_wconf 76' lang='lat' dir='ltr'>scriptis,</span> <span class='ocrx_word' id='word_1_24' title='bbox 1837 283 2023 329; x_wconf 76' lang='lat' dir='ltr'>Hanov.</span> 
     </span>
     <span class='ocr_line' id='line_1_4' title="bbox 98 346 2026 411; baseline -0.003 -11"><span class='ocrx_word' id='word_1_25' title='bbox 98 360 239 401; x_wconf 83' lang='lat'>1611.</span> <span class='ocrx_word' id='word_1_26' title='bbox 261 349 340 398; x_wconf 90' lang='lat' dir='ltr'>fol.</span> <span class='ocrx_word' id='word_1_27' title='bbox 361 367 404 397; x_wconf 88' lang='lat' dir='ltr'>et</span> <span class='ocrx_word' id='word_1_28' title='bbox 423 349 558 397; x_wconf 81' lang='lat' dir='ltr'>recusi</span> <span class='ocrx_word' id='word_1_29' title='bbox 588 348 689 396; x_wconf 84' lang='lat' dir='ltr'>sunt</span> <span class='ocrx_word' id='word_1_30' title='bbox 719 351 766 394; x_wconf 88' lang='lat' dir='ltr'>in</span> <span class='ocrx_word' id='word_1_31' title='bbox 797 364 905 394; x_wconf 87' lang='lat' dir='ltr'>tom.</span> <span class='ocrx_word' id='word_1_32' title='bbox 929 352 986 397; x_wconf 81' lang='lat' dir='ltr'>V.</span> <span class='ocrx_word' id='word_1_33' title='bbox 1009 351 1318 411; x_wconf 82' lang='lat' dir='ltr'>antiquitatum</span> <span class='ocrx_word' id='word_1_34' title='bbox 1345 353 1643 400; x_wconf 74' lang='lat' dir='ltr'>Graecarum,</span> <span class='ocrx_word' id='word_1_35' title='bbox 1679 346 1759 392; x_wconf 84' lang='lat' dir='ltr'>vbi</span> <span class='ocrx_word' id='word_1_36' title='bbox 1784 349 1916 394; x_wconf 82' lang='lat' dir='ltr'>etiam</span> <span class='ocrx_word' id='word_1_37' title='bbox 1954 364 2026 394; x_wconf 77' lang='lat' dir='ltr'>oc·</span> 
     </span>
     <span class='ocr_line' id='line_1_5' title="bbox 97 411 2029 482; baseline -0.003 -16"><span class='ocrx_word' id='word_1_38' title='bbox 97 421 238 466; x_wconf 90' lang='lat' dir='ltr'>currit</span> <span class='ocrx_word' id='word_1_39' title='bbox 262 418 672 482; x_wconf 55' lang='lat' dir='ltr'>Guilielm.&gt;Postellus</span> <span class='ocrx_word' id='word_1_40' title='bbox 704 412 757 462; x_wconf 84' lang='lat' dir='ltr'>de</span> <span class='ocrx_word' id='word_1_41' title='bbox 786 415 1014 479; x_wconf 81' lang='lat' dir='ltr'>republica</span> <span class='ocrx_word' id='word_1_42' title='bbox 1035 431 1076 461; x_wconf 84' lang='lat' dir='ltr'>et</span> <span class='ocrx_word' id='word_1_43' title='bbox 1105 414 1428 477; x_wconf 82' lang='lat' dir='ltr'>magistratibus</span> <span class='ocrx_word' id='word_1_44' title='bbox 1456 411 1816 465; x_wconf 66' lang='lat' dir='ltr'>Atheniensium,</span> <span class='ocrx_word' id='word_1_45' title='bbox 1852 417 2029 462; x_wconf 77' lang='lat' dir='ltr'>Antonii</span> 
     </span>
     <span class='ocr_line' id='line_1_6' title="bbox 101 480 2028 550; baseline -0.003 -16"><span class='ocrx_word' id='word_1_46' title='bbox 101 487 238 550; x_wconf 62' lang='lat' dir='ltr'>Tlgyfii</span> <span class='ocrx_word' id='word_1_47' title='bbox 270 486 323 532; x_wconf 90' lang='lat' dir='ltr'>de</span> <span class='ocrx_word' id='word_1_48' title='bbox 352 484 525 549; x_wconf 85' lang='lat' dir='ltr'>republ.</span> <span class='ocrx_word' id='word_1_49' title='bbox 548 480 805 531; x_wconf 80' lang='lat' dir='ltr'>Athenienfi</span> <span class='ocrx_word' id='word_1_50' title='bbox 836 481 927 530; x_wconf 75' lang='lat' dir='ltr'>diss&#39;.</span> <span class='ocrx_word' id='word_1_51' title='bbox 956 483 1161 546; x_wconf 77' lang='lat' dir='ltr'>politica,</span> <span class='ocrx_word' id='word_1_52' title='bbox 1208 498 1250 529; x_wconf 90' lang='lat' dir='ltr'>et</span> <span class='ocrx_word' id='word_1_53' title='bbox 1284 484 1438 529; x_wconf 69' lang='lat' dir='ltr'>Achaia</span> <span class='ocrx_word' id='word_1_54' title='bbox 1466 497 1593 529; x_wconf 86' lang='lat' dir='ltr'>vetus</span> <span class='ocrx_word' id='word_1_55' title='bbox 1623 485 1815 528; x_wconf 72' lang='lat' dir='ltr'>Martini</span> <span class='ocrx_word' id='word_1_56' title='bbox 1845 482 2028 530; x_wconf 81' lang='lat' dir='ltr'>Schockii</span> 
     </span>
     <span class='ocr_line' id='line_1_7' title="bbox 57 547 2029 616; baseline -0.004 -17"><span class='ocrx_word' id='word_1_57' title='bbox 57 584 62 587; x_wconf 90' lang='lat'><em>-</em></span> <span class='ocrx_word' id='word_1_58' title='bbox 97 570 182 616; x_wconf 79' lang='lat' dir='ltr'>qua</span> <span class='ocrx_word' id='word_1_59' title='bbox 213 554 306 599; x_wconf 86' lang='lat' dir='ltr'>eius</span> <span class='ocrx_word' id='word_1_60' title='bbox 334 550 460 605; x_wconf 85' lang='lat' dir='ltr'>situs,</span> <span class='ocrx_word' id='word_1_61' title='bbox 497 551 815 613; x_wconf 42' lang='lat' dir='ltr'>antiquitatem</span> <span class='ocrx_word' id='word_1_62' title='bbox 848 550 1122 613; x_wconf 80' lang='lat' dir='ltr'>respublica,</span> <span class='ocrx_word' id='word_1_63' title='bbox 1158 567 1308 610; x_wconf 81' lang='lat' dir='ltr'>reges,</span> <span class='ocrx_word' id='word_1_64' title='bbox 1346 552 1548 614; x_wconf 74' lang='lat' dir='ltr'>tyranni,</span> <span class='ocrx_word' id='word_1_65' title='bbox 1582 549 1701 610; x_wconf 85' lang='lat' dir='ltr'>leges</span> <span class='ocrx_word' id='word_1_66' title='bbox 1734 564 1776 595; x_wconf 91' lang='lat' dir='ltr'>et</span> <span class='ocrx_word' id='word_1_67' title='bbox 1810 547 1926 595; x_wconf 84' lang='lat' dir='ltr'>bella</span> <span class='ocrx_word' id='word_1_68' title='bbox 1954 549 2029 599; x_wconf 82' lang='lat' dir='ltr'>de.</span> 
     </span>
     <span class='ocr_line' id='line_1_8' title="bbox 95 614 2032 679; baseline -0.002 -13"><span class='ocrx_word' id='word_1_69' title='bbox 95 618 361 667; x_wconf 85' lang='lat' dir='ltr'>scribuntur.</span> <span class='ocrx_word' id='word_1_70' title='bbox 435 618 555 665; x_wconf 87' lang='lat' dir='ltr'>Idem</span> <span class='ocrx_word' id='word_1_71' title='bbox 578 619 850 665; x_wconf 74' lang='lat' dir='ltr'>Gronouius</span> <span class='ocrx_word' id='word_1_72' title='bbox 875 633 983 663; x_wconf 85' lang='lat' dir='ltr'>tom.</span> <span class='ocrx_word' id='word_1_73' title='bbox 1005 635 1049 673; x_wconf 82' lang='lat'>4.</span> <span class='ocrx_word' id='word_1_74' title='bbox 1079 617 1231 663; x_wconf 84' lang='lat' dir='ltr'>recudi</span> <span class='ocrx_word' id='word_1_75' title='bbox 1254 614 1360 663; x_wconf 85' lang='lat' dir='ltr'>fecit</span> <span class='ocrx_word' id='word_1_76' title='bbox 1381 619 1440 665; x_wconf 86' lang='lat' dir='ltr'>lo.</span> <span class='ocrx_word' id='word_1_77' title='bbox 1460 619 1638 679; x_wconf 81' lang='lat' dir='ltr'>Meursti</span> <span class='ocrx_word' id='word_1_78' title='bbox 1661 616 1720 663; x_wconf 86' lang='lat' dir='ltr'>de</span> <span class='ocrx_word' id='word_1_79' title='bbox 1750 616 1955 662; x_wconf 83' lang='lat' dir='ltr'>tribubus</span> <span class='ocrx_word' id='word_1_80' title='bbox 1985 630 2032 663; x_wconf 85' lang='lat' dir='ltr'>et</span> 
     </span>
     <span class='ocr_line' id='line_1_9' title="bbox 97 680 2030 753; baseline -0.002 -19"><span class='ocrx_word' id='word_1_81' title='bbox 97 689 224 753; x_wconf 81' lang='lat' dir='ltr'>pagis</span> <span class='ocrx_word' id='word_1_82' title='bbox 245 689 412 734; x_wconf 85' lang='lat' dir='ltr'>Atticae</span> <span class='ocrx_word' id='word_1_83' title='bbox 432 684 597 747; x_wconf 80' lang='lat' dir='ltr'>librum</span> <span class='ocrx_word' id='word_1_84' title='bbox 629 702 727 731; x_wconf 86' lang='lat' dir='ltr'>cum</span> <span class='ocrx_word' id='word_1_85' title='bbox 762 685 997 731; x_wconf 88' lang='lat' dir='ltr'>luculentis</span> <span class='ocrx_word' id='word_1_86' title='bbox 1025 685 1110 732; x_wconf 82' lang='lat' dir='ltr'>Iac.</span> <span class='ocrx_word' id='word_1_87' title='bbox 1129 687 1273 748; x_wconf 81' lang='lat' dir='ltr'>Spom&#39;i</span> <span class='ocrx_word' id='word_1_88' title='bbox 1296 702 1347 730; x_wconf 84' lang='lat' dir='ltr'>ex</span> <span class='ocrx_word' id='word_1_89' title='bbox 1374 687 1466 731; x_wconf 89' lang='lat' dir='ltr'>eius</span> <span class='ocrx_word' id='word_1_90' title='bbox 1490 686 1719 731; x_wconf 85' lang='lat' dir='ltr'>itinerario</span> <span class='ocrx_word' id='word_1_91' title='bbox 1740 680 2030 747; x_wconf 49' lang='lat' dir='ltr'>supplemenr-</span> 
     </span>
     <span class='ocr_line' id='line_1_10' title="bbox 36 751 2030 814; baseline -0.002 -13"><span class='ocrx_word' id='word_1_92' title='bbox 36 804 41 805; x_wconf 21' lang='lat'><em>⁷</em></span> <span class='ocrx_word' id='word_1_93' title='bbox 98 757 179 810; x_wconf 70' lang='grc' dir='ltr'>εἰς,</span> <span class='ocrx_word' id='word_1_94' title='bbox 226 752 410 801; x_wconf 90' lang='lat' dir='ltr'>Meursii</span> <span class='ocrx_word' id='word_1_95' title='bbox 439 769 628 814; x_wconf 85' lang='lat' dir='ltr'>regnum</span> <span class='ocrx_word' id='word_1_96' title='bbox 650 754 850 798; x_wconf 86' lang='lat' dir='ltr'>Atticum</span> <span class='ocrx_word' id='word_1_97' title='bbox 877 751 966 798; x_wconf 89' lang='lat' dir='ltr'>siue</span> <span class='ocrx_word' id='word_1_98' title='bbox 990 752 1045 798; x_wconf 89' lang='lat' dir='ltr'>de</span> <span class='ocrx_word' id='word_1_99' title='bbox 1066 751 1245 813; x_wconf 86' lang='lat' dir='ltr'>regibus</span> <span class='ocrx_word' id='word_1_100' title='bbox 1266 751 1630 805; x_wconf 82' lang='lat' dir='ltr'>Atheniensibus,</span> <span class='ocrx_word' id='word_1_101' title='bbox 1669 766 1711 798; x_wconf 90' lang='lat' dir='ltr'>et</span> <span class='ocrx_word' id='word_1_102' title='bbox 1732 752 1985 799; x_wconf 82' lang='lat' dir='ltr'>Archontes</span> <span class='ocrx_word' id='word_1_103' title='bbox 2009 755 2030 788; x_wconf 61' lang='grc' dir='ltr'><em>ἴ</em></span> 
     </span>
     <span class='ocr_line' id='line_1_11' title="bbox 100 817 2029 884; baseline -0.003 -15"><span class='ocrx_word' id='word_1_104' title='bbox 100 818 395 869; x_wconf 83' lang='lat' dir='ltr'>Athenienses</span> <span class='ocrx_word' id='word_1_105' title='bbox 416 818 610 865; x_wconf 65' lang='lat' dir='ltr'>au&amp;oris</span> <span class='ocrx_word' id='word_1_106' title='bbox 633 817 942 884; x_wconf 86' lang='lat' dir='ltr'>supplementa</span> <span class='ocrx_word' id='word_1_107' title='bbox 957 820 1169 883; x_wconf 81' lang='lat' dir='ltr'>quaedam</span> <span class='ocrx_word' id='word_1_108' title='bbox 1195 819 1248 865; x_wconf 85' lang='lat' dir='ltr'>ad</span> <span class='ocrx_word' id='word_1_109' title='bbox 1271 820 1353 865; x_wconf 87' lang='lat' dir='ltr'>hos</span> <span class='ocrx_word' id='word_1_110' title='bbox 1374 818 1512 866; x_wconf 88' lang='lat' dir='ltr'>libros</span> <span class='ocrx_word' id='word_1_111' title='bbox 1532 836 1585 866; x_wconf 86' lang='lat' dir='ltr'>ex</span> <span class='ocrx_word' id='word_1_112' title='bbox 1607 820 1701 865; x_wconf 85' lang='lat' dir='ltr'>eius</span> <span class='ocrx_word' id='word_1_113' title='bbox 1723 819 2029 884; x_wconf 79' lang='lat' dir='ltr'>chirographo</span> 
     </span>
     <span class='ocr_line' id='line_1_12' title="bbox 96 885 2031 953; baseline -0.002 -18"><span class='ocrx_word' id='word_1_114' title='bbox 96 890 144 935; x_wconf 89' lang='lat' dir='ltr'>in</span> <span class='ocrx_word' id='word_1_115' title='bbox 174 885 451 953; x_wconf 80' lang='lat' dir='ltr'>praefatione</span> <span class='ocrx_word' id='word_1_116' title='bbox 481 888 535 932; x_wconf 90' lang='lat' dir='ltr'>ad</span> <span class='ocrx_word' id='word_1_117' title='bbox 564 887 692 933; x_wconf 87' lang='lat' dir='ltr'>illum</span> <span class='ocrx_word' id='word_1_118' title='bbox 723 903 901 932; x_wconf 84' lang='lat' dir='ltr'>tomum</span> <span class='ocrx_word' id='word_1_119' title='bbox 931 905 952 932; x_wconf 82' lang='lat' dir='ltr'>a</span> <span class='ocrx_word' id='word_1_120' title='bbox 987 887 1230 933; x_wconf 87' lang='lat' dir='ltr'>Gronouio</span> <span class='ocrx_word' id='word_1_121' title='bbox 1266 886 1552 935; x_wconf 84' lang='lat' dir='ltr'>exhibentur.</span> <span class='ocrx_word' id='word_1_122' title='bbox 1622 889 1674 932; x_wconf 90' lang='lat' dir='ltr'>In</span> <span class='ocrx_word' id='word_1_123' title='bbox 1697 901 1824 948; x_wconf 88' lang='lat' dir='ltr'>tomo</span> <span class='ocrx_word' id='word_1_124' title='bbox 1856 903 1896 942; x_wconf 82' lang='grc' dir='ltr'>ς.</span> <span class='ocrx_word' id='word_1_125' title='bbox 1920 888 2031 932; x_wconf 85' lang='lat' dir='ltr'>eius-</span> 
     </span>
     <span class='ocr_line' id='line_1_13' title="bbox 99 950 2035 1013; baseline -0.002 -12"><span class='ocrx_word' id='word_1_126' title='bbox 99 957 203 1002; x_wconf 85' lang='lat' dir='ltr'>dem</span> <span class='ocrx_word' id='word_1_127' title='bbox 237 952 598 1002; x_wconf 61' lang='lat' dir='ltr'>thesaurii-ecus}</span> <span class='ocrx_word' id='word_1_128' title='bbox 632 953 798 1000; x_wconf 79' lang='lat' dir='ltr'>exstant</span> <span class='ocrx_word' id='word_1_129' title='bbox 827 952 1012 1000; x_wconf 88' lang='lat' dir='ltr'>Meursii</span> <span class='ocrx_word' id='word_1_130' title='bbox 1040 952 1278 1000; x_wconf 83' lang='lat' dir='ltr'>Pisistratus</span> <span class='ocrx_word' id='word_1_131' title='bbox 1309 953 1397 999; x_wconf 85' lang='lat' dir='ltr'>siue</span> <span class='ocrx_word' id='word_1_132' title='bbox 1430 954 1484 999; x_wconf 89' lang='lat' dir='ltr'>de</span> <span class='ocrx_word' id='word_1_133' title='bbox 1512 969 1655 1013; x_wconf 86' lang='lat' dir='ltr'>regno</span> <span class='ocrx_word' id='word_1_134' title='bbox 1683 950 1885 998; x_wconf 85' lang='lat' dir='ltr'>Pisistrati</span> <span class='ocrx_word' id='word_1_135' title='bbox 1917 952 2035 999; x_wconf 83' lang='lat' dir='ltr'>libet·</span> 
     </span>
     <span class='ocr_line' id='line_1_14' title="bbox 99 1017 2034 1083; baseline -0.003 -14"><span class='ocrx_word' id='word_1_136' title='bbox 99 1022 292 1078; x_wconf 56' lang='lat' dir='ltr'>aufflion</span> <span class='ocrx_word' id='word_1_137' title='bbox 332 1036 375 1068; x_wconf 87' lang='lat' dir='ltr'>et</span> <span class='ocrx_word' id='word_1_138' title='bbox 404 1020 518 1069; x_wconf 88' lang='lat' dir='ltr'>liber</span> <span class='ocrx_word' id='word_1_139' title='bbox 548 1023 603 1068; x_wconf 89' lang='lat' dir='ltr'>de</span> <span class='ocrx_word' id='word_1_140' title='bbox 635 1039 777 1083; x_wconf 80' lang='lat' dir='ltr'>regno</span> <span class='ocrx_word' id='word_1_141' title='bbox 806 1024 1043 1072; x_wconf 81' lang='lat' dir='ltr'>Laconico,</span> <span class='ocrx_word' id='word_1_142' title='bbox 1113 1023 1322 1067; x_wconf 74' lang='lat' dir='ltr'>Rationes</span> <span class='ocrx_word' id='word_1_143' title='bbox 1350 1022 1515 1067; x_wconf 88' lang='lat' dir='ltr'>veteris</span> <span class='ocrx_word' id='word_1_144' title='bbox 1538 1017 2034 1083; x_wconf 66' lang='lat' dir='ltr'>reipubl.‘Atheniensis</span> 
     </span>
     <span class='ocr_line' id='line_1_15' title="bbox 99 1085 2031 1152; baseline -0.002 -16"><span class='ocrx_word' id='word_1_145' title='bbox 99 1089 330 1152; x_wconf 82' lang='lat' dir='ltr'>insiguiter</span> <span class='ocrx_word' id='word_1_146' title='bbox 352 1088 538 1136; x_wconf 82' lang='lat' dir='ltr'>illustrat</span> <span class='ocrx_word' id='word_1_147' title='bbox 559 1090 675 1137; x_wconf 82' lang='lat' dir='ltr'>loan.</span> <span class='ocrx_word' id='word_1_148' title='bbox 699 1093 938 1136; x_wconf 67' lang='lat' dir='ltr'>Vincentius</span> <span class='ocrx_word' id='word_1_149' title='bbox 957 1089 1214 1151; x_wconf 72' lang='lat' dir='ltr'>Luchefinius</span> <span class='ocrx_word' id='word_1_150' title='bbox 1241 1090 1286 1134; x_wconf 88' lang='lat' dir='ltr'>in</span> <span class='ocrx_word' id='word_1_151' title='bbox 1307 1091 1424 1134; x_wconf 81' lang='lat' dir='ltr'>notis</span> <span class='ocrx_word' id='word_1_152' title='bbox 1454 1085 1677 1133; x_wconf 87' lang='lat' dir='ltr'>historicis</span> <span class='ocrx_word' id='word_1_153' title='bbox 1699 1086 1753 1133; x_wconf 88' lang='lat' dir='ltr'>ad</span> <span class='ocrx_word' id='word_1_154' title='bbox 1770 1086 2031 1133; x_wconf 77' lang='lat' dir='ltr'>Demosthe-</span> 
     </span>
     <span class='ocr_line' id='line_1_16' title="bbox 100 1153 2041 1220; baseline -0.002 -16"><span class='ocrx_word' id='word_1_155' title='bbox 100 1159 170 1205; x_wconf 86' lang='lat' dir='ltr'>nis</span> <span class='ocrx_word' id='word_1_156' title='bbox 191 1161 274 1203; x_wconf 86' lang='lat' dir='ltr'>XII</span> <span class='ocrx_word' id='word_1_157' title='bbox 297 1157 521 1203; x_wconf 86' lang='lat' dir='ltr'>orationes</span> <span class='ocrx_word' id='word_1_158' title='bbox 546 1157 600 1204; x_wconf 90' lang='lat' dir='ltr'>de</span> <span class='ocrx_word' id='word_1_159' title='bbox 628 1154 858 1220; x_wconf 78' lang='lat' dir='ltr'>republica</span> <span class='ocrx_word' id='word_1_160' title='bbox 892 1159 944 1203; x_wconf 84' lang='lat' dir='ltr'>ad</span> <span class='ocrx_word' id='word_1_161' title='bbox 968 1153 1261 1203; x_wconf 80' lang='lat' dir='ltr'>Athenienses</span> <span class='ocrx_word' id='word_1_162' title='bbox 1291 1155 1473 1202; x_wconf 88' lang='lat' dir='ltr'>habitas.</span> <span class='ocrx_word' id='word_1_163' title='bbox 1494 1157 1669 1201; x_wconf 86' lang='lat' dir='ltr'>Romae&#39;</span> <span class='ocrx_word' id='word_1_164' title='bbox 1692 1170 1830 1216; x_wconf 85' lang='lat'><strong>17¹2·</strong></span> <span class='ocrx_word' id='word_1_165' title='bbox 1849 1171 1897 1211; x_wconf 93' lang='lat'>4.</span> <span class='ocrx_word' id='word_1_166' title='bbox 1966 1157 2041 1217; x_wconf 58' lang='lat'>1117</span> 
     </span>
     <span class='ocr_line' id='line_1_17' title="bbox 99 1219 2037 1288; baseline -0.003 -16"><span class='ocrx_word' id='word_1_167' title='bbox 99 1241 278 1287; x_wconf 86' lang='lat' dir='ltr'>tegr-um</span> <span class='ocrx_word' id='word_1_168' title='bbox 299 1224 355 1270; x_wconf 89' lang='lat' dir='ltr'>de</span> <span class='ocrx_word' id='word_1_169' title='bbox 380 1223 608 1288; x_wconf 80' lang='lat' dir='ltr'>republica</span> <span class='ocrx_word' id='word_1_170' title='bbox 631 1224 970 1271; x_wconf 81' lang='lat' dir='ltr'>Atheniensium</span> <span class='ocrx_word' id='word_1_171' title='bbox 1006 1225 1382 1270; x_wconf 88' lang='lat' dir='ltr'>commentarium</span> <span class='ocrx_word' id='word_1_172' title='bbox 1411 1221 1616 1287; x_wconf 81' lang='lat' dir='ltr'>promisit</span> <span class='ocrx_word' id='word_1_173' title='bbox 1641 1222 1726 1270; x_wconf 90' lang='lat' dir='ltr'>Vir</span> <span class='ocrx_word' id='word_1_174' title='bbox 1760 1223 1808 1267; x_wconf 88' lang='lat' dir='ltr'>in</span> <span class='ocrx_word' id='word_1_175' title='bbox 1836 1223 1924 1270; x_wconf 88' lang='lat' dir='ltr'>hoc</span> <span class='ocrx_word' id='word_1_176' title='bbox 1954 1219 2037 1267; x_wconf 86' lang='lat' dir='ltr'>stu-</span> 
     </span>
     <span class='ocr_line' id='line_1_18' title="bbox 100 1288 2037 1353; baseline -0.002 -15"><span class='ocrx_word' id='word_1_177' title='bbox 100 1290 282 1338; x_wconf 76' lang='lat' dir='ltr'>diorum</span> <span class='ocrx_word' id='word_1_178' title='bbox 317 1308 482 1351; x_wconf 85' lang='lat' dir='ltr'>genere</span> <span class='ocrx_word' id='word_1_179' title='bbox 507 1289 817 1337; x_wconf 73' lang='lat' dir='ltr'>versatiffimus</span> <span class='ocrx_word' id='word_1_180' title='bbox 853 1296 972 1338; x_wconf 86' lang='lat' dir='ltr'>Ioan.</span> <span class='ocrx_word' id='word_1_181' title='bbox 1004 1292 1258 1353; x_wconf 75' lang='lat' dir='ltr'>Taylorius</span> <span class='ocrx_word' id='word_1_182' title='bbox 1281 1289 1529 1337; x_wconf 67' lang='lat' dir='ltr'>leffionum</span> <span class='ocrx_word' id='word_1_183' title='bbox 1559 1288 1775 1352; x_wconf 85' lang='lat' dir='ltr'>Lysiacar.</span> <span class='ocrx_word' id='word_1_184' title='bbox 1801 1306 1898 1352; x_wconf 81' lang='lat' dir='ltr'>pag.</span> <span class='ocrx_word' id='word_1_185' title='bbox 1926 1305 2037 1352; x_wconf 83' lang='lat'>507.</span> 
     </span>
     <span class='ocr_line' id='line_1_19' title="bbox 100 1354 2038 1420; baseline -0.001 -16"><span class='ocrx_word' id='word_1_186' title='bbox 100 1362 171 1404; x_wconf 87' lang='lat' dir='ltr'>De</span> <span class='ocrx_word' id='word_1_187' title='bbox 194 1355 296 1402; x_wconf 73' lang='lat' dir='ltr'>fatis</span> <span class='ocrx_word' id='word_1_188' title='bbox 323 1356 596 1420; x_wconf 79' lang='lat' dir='ltr'>reipublicae</span> <span class='ocrx_word' id='word_1_189' title='bbox 620 1360 791 1402; x_wconf 72' lang='lat' dir='ltr'>Atticae</span> <span class='ocrx_word' id='word_1_190' title='bbox 810 1358 933 1402; x_wconf 75' lang='lat' dir='ltr'>duae</span> <span class='ocrx_word' id='word_1_191' title='bbox 970 1357 1137 1403; x_wconf 81' lang='lat' dir='ltr'>exstant</span> <span class='ocrx_word' id='word_1_192' title='bbox 1171 1355 1491 1403; x_wconf 66' lang='lat' dir='ltr'>dissertationes</span> <span class='ocrx_word' id='word_1_193' title='bbox 1522 1354 1692 1402; x_wconf 80' lang='lat' dir='ltr'>Israelis</span> <span class='ocrx_word' id='word_1_194' title='bbox 1721 1360 1754 1401; x_wconf 90' lang='lat' dir='ltr'>I.</span> <span class='ocrx_word' id='word_1_195' title='bbox 1775 1355 1959 1404; x_wconf 79' lang='lat' dir='ltr'>Nesselii</span> <span class='ocrx_word' id='word_1_196' title='bbox 1994 1370 2038 1402; x_wconf 86' lang='lat' dir='ltr'>et</span> 
     </span>
     <span class='ocr_line' id='line_1_20' title="bbox 101 1421 2041 1486; baseline -0.001 -15"><span class='ocrx_word' id='word_1_197' title='bbox 101 1428 233 1471; x_wconf 86' lang='lat' dir='ltr'>Laur.</span> <span class='ocrx_word' id='word_1_198' title='bbox 268 1423 483 1469; x_wconf 87' lang='lat' dir='ltr'>Arrhenii</span> <span class='ocrx_word' id='word_1_199' title='bbox 519 1421 666 1486; x_wconf 65' lang='lat' dir='ltr'>Vpsiil.</span> <span class='ocrx_word' id='word_1_200' title='bbox 703 1437 838 1483; x_wconf 82' lang='lat'><strong>1722.</strong></span> <span class='ocrx_word' id='word_1_201' title='bbox 870 1423 1025 1474; x_wconf 81' lang='lat' dir='ltr'>editae.</span> <span class='ocrx_word' id='word_1_202' title='bbox 1102 1426 1154 1469; x_wconf 90' lang='lat' dir='ltr'>In</span> <span class='ocrx_word' id='word_1_203' title='bbox 1192 1424 1351 1469; x_wconf 89' lang='lat' dir='ltr'>eodem</span> <span class='ocrx_word' id='word_1_204' title='bbox 1386 1438 1513 1469; x_wconf 82' lang='lat' dir='ltr'>tomo</span> <span class='ocrx_word' id='word_1_205' title='bbox 1545 1424 1602 1471; x_wconf 92' lang='lat' dir='ltr'>V.</span> <span class='ocrx_word' id='word_1_206' title='bbox 1631 1421 1823 1470; x_wconf 85' lang='lat' dir='ltr'>thesauri</span> <span class='ocrx_word' id='word_1_207' title='bbox 1860 1427 2041 1483; x_wconf 85' lang='lat' dir='ltr'>Grono-</span> 
     </span>
     <span class='ocr_line' id='line_1_21' title="bbox 106 1487 2044 1554; baseline 0 -17"><span class='ocrx_word' id='word_1_208' title='bbox 106 1492 231 1537; x_wconf 86' lang='lat' dir='ltr'>uiani</span> <span class='ocrx_word' id='word_1_209' title='bbox 253 1487 391 1535; x_wconf 86' lang='lat' dir='ltr'>recusi</span> <span class='ocrx_word' id='word_1_210' title='bbox 414 1487 514 1536; x_wconf 88' lang='lat' dir='ltr'>sunt</span> <span class='ocrx_word' id='word_1_211' title='bbox 531 1491 693 1536; x_wconf 52' lang='lat' dir='ltr'>Nic-olai</span> <span class='ocrx_word' id='word_1_212' title='bbox 709 1494 860 1554; x_wconf 72' lang='lat' dir='ltr'>Cragii</span> <span class='ocrx_word' id='word_1_213' title='bbox 879 1488 1079 1553; x_wconf 80' lang='lat' dir='ltr'>Ripensis</span> <span class='ocrx_word' id='word_1_214' title='bbox 1104 1490 1158 1537; x_wconf 89' lang='lat' dir='ltr'>de</span> <span class='ocrx_word' id='word_1_215' title='bbox 1178 1490 1406 1554; x_wconf 81' lang='lat' dir='ltr'>republica</span> <span class='ocrx_word' id='word_1_216' title='bbox 1430 1491 1845 1546; x_wconf 68' lang='lat' dir='ltr'>Lacedaemoniorum</span> <span class='ocrx_word' id='word_1_217' title='bbox 1867 1490 1971 1537; x_wconf 85' lang='lat' dir='ltr'>libri</span> <span class='ocrx_word' id='word_1_218' title='bbox 1993 1506 2044 1553; x_wconf 74' lang='lat'>4.</span> 
     </span>
     <span class='ocr_line' id='line_1_22' title="bbox 100 1555 2039 1622; baseline 0.001 -19"><span class='ocrx_word' id='word_1_219' title='bbox 100 1557 348 1622; x_wconf 86' lang='lat' dir='ltr'>pereruditi</span> <span class='ocrx_word' id='word_1_220' title='bbox 376 1555 477 1621; x_wconf 91' lang='lat' dir='ltr'>post</span> <span class='ocrx_word' id='word_1_221' title='bbox 509 1558 753 1603; x_wconf 87' lang='lat' dir='ltr'>editionem</span> <span class='ocrx_word' id='word_1_222' title='bbox 776 1561 953 1604; x_wconf 75' lang='lat' dir='ltr'>GeneV.</span> <span class='ocrx_word' id='word_1_223' title='bbox 983 1573 1122 1616; x_wconf 86' lang='lat'>1593.</span> <span class='ocrx_word' id='word_1_224' title='bbox 1142 1572 1185 1617; x_wconf 87' lang='lat'>4.</span> <span class='ocrx_word' id='word_1_225' title='bbox 1220 1573 1262 1603; x_wconf 85' lang='lat' dir='ltr'>et</span> <span class='ocrx_word' id='word_1_226' title='bbox 1290 1559 1435 1619; x_wconf 88' lang='lat' dir='ltr'>Lugd.</span> <span class='ocrx_word' id='word_1_227' title='bbox 1459 1562 1547 1604; x_wconf 80' lang='lat' dir='ltr'>Bat.</span> <span class='ocrx_word' id='word_1_228' title='bbox 1580 1565 1718 1616; x_wconf 87' lang='lat'>1670.</span> <span class='ocrx_word' id='word_1_229' title='bbox 1748 1567 1785 1608; x_wconf 85' lang='lat'>8.</span> <span class='ocrx_word' id='word_1_230' title='bbox 1818 1556 2039 1605; x_wconf 59' lang='lat' dir='ltr'>aufi&#39;tiores</span> 
     </span>
     <span class='ocr_line' id='line_1_23' title="bbox 100 1621 2042 1687; baseline 0.001 -18"><span class='ocrx_word' id='word_1_231' title='bbox 100 1639 232 1687; x_wconf 87' lang='lat' dir='ltr'>atque</span> <span class='ocrx_word' id='word_1_232' title='bbox 251 1624 600 1681; x_wconf 72' lang='lat' dir='ltr'>emendatiores,</span> <span class='ocrx_word' id='word_1_233' title='bbox 636 1625 905 1686; x_wconf 80' lang='lat' dir='ltr'>Ioannisque</span> <span class='ocrx_word' id='word_1_234' title='bbox 930 1623 1117 1669; x_wconf 86' lang='lat' dir='ltr'>Meurfii</span> <span class='ocrx_word' id='word_1_235' title='bbox 1146 1623 1252 1669; x_wconf 85' lang='lat' dir='ltr'>libri</span> <span class='ocrx_word' id='word_1_236' title='bbox 1280 1626 1469 1670; x_wconf 86' lang='lat' dir='ltr'>totidem</span> <span class='ocrx_word' id='word_1_237' title='bbox 1491 1621 1883 1672; x_wconf 84' lang='lat' dir='ltr'>Miscellaneorum</span> <span class='ocrx_word' id='word_1_238' title='bbox 1904 1629 2042 1672; x_wconf 85' lang='lat' dir='ltr'>Laco-</span> 
     </span>
     <span class='ocr_line' id='line_1_24' title="bbox 102 1688 2042 1755; baseline 0 -17"><span class='ocrx_word' id='word_1_239' title='bbox 102 1693 346 1754; x_wconf 29' lang='lat' dir='ltr'>nieorumi</span> <span class='ocrx_word' id='word_1_240' title='bbox 377 1691 537 1753; x_wconf 85' lang='lat' dir='ltr'>quibus</span> <span class='ocrx_word' id='word_1_241' title='bbox 560 1693 743 1752; x_wconf 83' lang='lat' dir='ltr'>Cragius</span> <span class='ocrx_word' id='word_1_242' title='bbox 766 1689 916 1755; x_wconf 82' lang='lat' dir='ltr'>passim</span> <span class='ocrx_word' id='word_1_243' title='bbox 941 1688 1173 1755; x_wconf 84' lang='lat' dir='ltr'>suppletur</span> <span class='ocrx_word' id='word_1_244' title='bbox 1206 1690 1282 1736; x_wconf 84' lang='lat' dir='ltr'>vel</span> <span class='ocrx_word' id='word_1_245' title='bbox 1314 1690 1622 1738; x_wconf 81' lang='lat' dir='ltr'>confirmatur.</span> <span class='ocrx_word' id='word_1_246' title='bbox 1700 1694 1912 1743; x_wconf 87' lang='lat' dir='ltr'>Ceterum</span> <span class='ocrx_word' id='word_1_247' title='bbox 1943 1689 2042 1739; x_wconf 81' lang='lat' dir='ltr'>falli</span> 
     </span>
     <span class='ocr_line' id='line_1_25' title="bbox 102 1754 2043 1821; baseline -0.001 -16"><span class='ocrx_word' id='word_1_248' title='bbox 102 1775 178 1805; x_wconf 85' lang='lat' dir='ltr'>eos</span> <span class='ocrx_word' id='word_1_249' title='bbox 203 1761 279 1821; x_wconf 83' lang='lat' dir='ltr'>qui</span> <span class='ocrx_word' id='word_1_250' title='bbox 301 1774 392 1804; x_wconf 88' lang='lat' dir='ltr'>non</span> <span class='ocrx_word' id='word_1_251' title='bbox 411 1760 621 1818; x_wconf 82' lang='lat' dir='ltr'>Cragiurn</span> <span class='ocrx_word' id='word_1_252' title='bbox 644 1758 718 1805; x_wconf 90' lang='lat' dir='ltr'>sed</span> <span class='ocrx_word' id='word_1_253' title='bbox 743 1761 970 1804; x_wconf 80' lang='lat' dir='ltr'>Cuiacium</span> <span class='ocrx_word' id='word_1_254' title='bbox 995 1757 1218 1804; x_wconf 84' lang='lat' dir='ltr'>librorum</span> <span class='ocrx_word' id='word_1_255' title='bbox 1240 1758 1425 1805; x_wconf 87' lang='lat' dir='ltr'>illorum</span> <span class='ocrx_word' id='word_1_256' title='bbox 1446 1756 1673 1806; x_wconf 57' lang='lat' dir='ltr'>auiiorem</span> <span class='ocrx_word' id='word_1_257' title='bbox 1695 1754 1876 1813; x_wconf 84' lang='lat' dir='ltr'>faciunt,</span> <span class='ocrx_word' id='word_1_258' title='bbox 1899 1758 2043 1807; x_wconf 89' lang='lat' dir='ltr'>osten-</span> 
     </span>
     <span class='ocr_line' id='line_1_26' title="bbox 103 1822 2045 1890; baseline 0.002 -19"><span class='ocrx_word' id='word_1_259' title='bbox 103 1825 168 1871; x_wconf 89' lang='lat' dir='ltr'>dit</span> <span class='ocrx_word' id='word_1_260' title='bbox 189 1829 334 1873; x_wconf 79' lang='lat' dir='ltr'>Henr.</span> <span class='ocrx_word' id='word_1_261' title='bbox 353 1824 554 1872; x_wconf 79' lang='lat' dir='ltr'>Ernstius</span> <span class='ocrx_word' id='word_1_262' title='bbox 586 1827 633 1872; x_wconf 89' lang='lat' dir='ltr'>in</span> <span class='ocrx_word' id='word_1_263' title='bbox 665 1822 1049 1872; x_wconf 85' lang='lat' dir='ltr'>obseruationibus</span> <span class='ocrx_word' id='word_1_264' title='bbox 1071 1824 1144 1871; x_wconf 89' lang='lat' dir='ltr'>lib.</span> <span class='ocrx_word' id='word_1_265' title='bbox 1171 1843 1210 1873; x_wconf 83' lang='lat'>2.</span> <span class='ocrx_word' id='word_1_266' title='bbox 1236 1843 1328 1890; x_wconf 80' lang='lat' dir='ltr'>cap.</span> <span class='ocrx_word' id='word_1_267' title='bbox 1354 1842 1428 1888; x_wconf 72' lang='lat'>27·</span> <span class='ocrx_word' id='word_1_268' title='bbox 1462 1827 1464 1829; x_wconf 73' lang='grc'><strong>’</strong></span> <span class='ocrx_word' id='word_1_269' title='bbox 1498 1827 1707 1889; x_wconf 86' lang='lat' dir='ltr'>Denique</span> <span class='ocrx_word' id='word_1_270' title='bbox 1726 1828 1775 1872; x_wconf 89' lang='lat' dir='ltr'>in</span> <span class='ocrx_word' id='word_1_271' title='bbox 1793 1828 1954 1875; x_wconf 85' lang='lat' dir='ltr'>eodem</span> <span class='ocrx_word' id='word_1_272' title='bbox 1975 1842 2045 1874; x_wconf 91' lang='lat' dir='ltr'>to-</span> 
     </span>
     <span class='ocr_line' id='line_1_27' title="bbox 102 1890 2041 1959; baseline 0.003 -20"><span class='ocrx_word' id='word_1_273' title='bbox 102 1908 180 1939; x_wconf 85' lang='lat' dir='ltr'>mo</span> <span class='ocrx_word' id='word_1_274' title='bbox 204 1908 247 1950; x_wconf 79' lang='lat'>5.</span> <span class='ocrx_word' id='word_1_275' title='bbox 267 1891 402 1939; x_wconf 86' lang='lat' dir='ltr'>habes</span> <span class='ocrx_word' id='word_1_276' title='bbox 420 1891 607 1940; x_wconf 85' lang='lat' dir='ltr'>Meursii</span> <span class='ocrx_word' id='word_1_277' title='bbox 633 1890 865 1939; x_wconf 83' lang='lat' dir='ltr'>fortunam</span> <span class='ocrx_word' id='word_1_278' title='bbox 888 1896 1081 1940; x_wconf 85' lang='lat' dir='ltr'>Atticam</span> <span class='ocrx_word' id='word_1_279' title='bbox 1107 1891 1196 1941; x_wconf 87' lang='lat' dir='ltr'>siue</span> <span class='ocrx_word' id='word_1_280' title='bbox 1226 1892 1458 1941; x_wconf 67' lang='lat' dir='ltr'>tra&#39;Ctatum</span> <span class='ocrx_word' id='word_1_281' title='bbox 1488 1892 1674 1940; x_wconf 87' lang='lat' dir='ltr'>breuem</span> <span class='ocrx_word' id='word_1_282' title='bbox 1706 1894 1761 1941; x_wconf 87' lang='lat' dir='ltr'>de</span> <span class='ocrx_word' id='word_1_283' title='bbox 1793 1893 1894 1942; x_wconf 87' lang='lat' dir='ltr'>fatis</span> <span class='ocrx_word' id='word_1_284' title='bbox 1924 1896 2041 1959; x_wconf 87' lang='lat' dir='ltr'>reip.</span> 
     </span>
     <span class='ocr_line' id='line_1_28' title="bbox 104 1958 2045 2026; baseline 0.002 -22"><span class='ocrx_word' id='word_1_285' title='bbox 104 1958 406 2013; x_wconf 71' lang='lat' dir='ltr'>Atheiiiensi3‚</span> <span class='ocrx_word' id='word_1_286' title='bbox 443 1979 497 2007; x_wconf 86' lang='lat' dir='ltr'>ex</span> <span class='ocrx_word' id='word_1_287' title='bbox 518 1962 821 2024; x_wconf 82' lang='lat' dir='ltr'>chirographo</span> <span class='ocrx_word' id='word_1_288' title='bbox 845 1959 1037 2020; x_wconf 61' lang='lat' dir='ltr'>aufiioris</span> <span class='ocrx_word' id='word_1_289' title='bbox 1059 1961 1391 2026; x_wconf 86' lang='lat' dir='ltr'>locupletatum.</span> <span class='ocrx_word' id='word_1_290' title='bbox 1459 1964 1512 2015; x_wconf 84' lang='lat' dir='ltr'>In</span> <span class='ocrx_word' id='word_1_291' title='bbox 1532 1965 1589 2007; x_wconf 93' lang='lat' dir='ltr'>T.</span> <span class='ocrx_word' id='word_1_292' title='bbox 1611 1964 1689 2007; x_wconf 87' lang='lat' dir='ltr'>VI.</span> <span class='ocrx_word' id='word_1_293' title='bbox 1713 1961 1908 2009; x_wconf 85' lang='lat' dir='ltr'>thesauri</span> <span class='ocrx_word' id='word_1_294' title='bbox 1928 1966 2045 2011; x_wconf 87' lang='lat' dir='ltr'>Gro-</span> 
     </span>
     <span class='ocr_line' id='line_1_29' title="bbox 103 2025 2044 2094; baseline 0.001 -19"><span class='ocrx_word' id='word_1_295' title='bbox 103 2026 290 2075; x_wconf 86' lang='lat' dir='ltr'>nouiani</span> <span class='ocrx_word' id='word_1_296' title='bbox 311 2028 505 2073; x_wconf 83' lang='lat' dir='ltr'>occurrit</span> <span class='ocrx_word' id='word_1_297' title='bbox 530 2028 684 2094; x_wconf 75' lang='lat' dir='ltr'>loftphi</span> <span class='ocrx_word' id='word_1_298' title='bbox 704 2031 931 2076; x_wconf 75' lang='lat' dir='ltr'>Laurentii</span> <span class='ocrx_word' id='word_1_299' title='bbox 952 2025 1193 2093; x_wconf 68' lang='lat' dir='ltr'>disquisitio</span> <span class='ocrx_word' id='word_1_300' title='bbox 1221 2030 1274 2076; x_wconf 88' lang='lat' dir='ltr'>de</span> <span class='ocrx_word' id='word_1_301' title='bbox 1298 2028 1640 2094; x_wconf 86' lang='lat' dir='ltr'>rebuspublicis‚</span> <span class='ocrx_word' id='word_1_302' title='bbox 1675 2026 1910 2092; x_wconf 84' lang='lat' dir='ltr'>suffragiis,</span> <span class='ocrx_word' id='word_1_303' title='bbox 1940 2046 2044 2077; x_wconf 90' lang='lat' dir='ltr'>con-</span> 
     </span>
     <span class='ocr_line' id='line_1_30' title="bbox 107 2091 2043 2162; baseline 0.002 -20"><span class='ocrx_word' id='word_1_304' title='bbox 107 2095 249 2147; x_wconf 87' lang='lat' dir='ltr'>ciliis,</span> <span class='ocrx_word' id='word_1_305' title='bbox 288 2091 632 2141; x_wconf 86' lang='lat' dir='ltr'>accusationibus</span> <span class='ocrx_word' id='word_1_306' title='bbox 666 2109 709 2141; x_wconf 90' lang='lat' dir='ltr'>et</span> <span class='ocrx_word' id='word_1_307' title='bbox 739 2099 977 2143; x_wconf 86' lang='lat' dir='ltr'>tormentis</span> <span class='ocrx_word' id='word_1_308' title='bbox 1005 2113 1236 2151; x_wconf 86' lang='lat' dir='ltr'>veterum,</span> <span class='ocrx_word' id='word_1_309' title='bbox 1280 2114 1334 2144; x_wconf 89' lang='lat' dir='ltr'>ex</span> <span class='ocrx_word' id='word_1_310' title='bbox 1373 2098 1656 2161; x_wconf 85' lang='lat' dir='ltr'>Polymathia</span> <span class='ocrx_word' id='word_1_311' title='bbox 1691 2099 1792 2144; x_wconf 88' lang='lat' dir='ltr'>eius-</span> <span class='ocrx_word' id='word_1_312' title='bbox 1821 2112 2043 2162; x_wconf 85' lang='lat' dir='ltr'>excerpta.</span> 
     </span>
     <span class='ocr_line' id='line_1_31' title="bbox 105 2160 2044 2228; baseline 0 -19"><span class='ocrx_word' id='word_1_313' title='bbox 105 2160 252 2209; x_wconf 69' lang='lat' dir='ltr'>Leonh.</span> <span class='ocrx_word' id='word_1_314' title='bbox 283 2177 393 2207; x_wconf 80' lang='lat' dir='ltr'>vero</span> <span class='ocrx_word' id='word_1_315' title='bbox 413 2166 585 2207; x_wconf 84' lang='lat' dir='ltr'>Aretini</span> <span class='ocrx_word' id='word_1_316' title='bbox 611 2178 762 2209; x_wconf 84' lang='lat' dir='ltr'>rerum</span> <span class='ocrx_word' id='word_1_317' title='bbox 786 2167 1056 2212; x_wconf 83' lang='lat' dir='ltr'>Graecarum</span> <span class='ocrx_word' id='word_1_318' title='bbox 1090 2164 1204 2212; x_wconf 87' lang='lat' dir='ltr'>liber</span> <span class='ocrx_word' id='word_1_319' title='bbox 1225 2165 1279 2211; x_wconf 88' lang='lat' dir='ltr'>ad</span> <span class='ocrx_word' id='word_1_320' title='bbox 1302 2165 1531 2226; x_wconf 85' lang='lat' dir='ltr'>Angelum</span> <span class='ocrx_word' id='word_1_321' title='bbox 1557 2165 1833 2212; x_wconf 83' lang='lat' dir='ltr'>Acciaiolum</span> <span class='ocrx_word' id='word_1_322' title='bbox 1847 2183 1869 2221; x_wconf 29' lang='lat'>3⁷</span> <span class='ocrx_word' id='word_1_323' title='bbox 1897 2167 1974 2228; x_wconf 87' lang='lat' dir='ltr'>qui</span> <span class='ocrx_word' id='word_1_324' title='bbox 1996 2166 2044 2210; x_wconf 88' lang='lat' dir='ltr'>in</span> 
     </span>
     <span class='ocr_line' id='line_1_32' title="bbox 104 2227 2044 2296; baseline 0 -20"><span class='ocrx_word' id='word_1_325' title='bbox 104 2230 264 2276; x_wconf 85' lang='lat' dir='ltr'>eodem</span> <span class='ocrx_word' id='word_1_326' title='bbox 289 2243 396 2274; x_wconf 90' lang='lat' dir='ltr'>tom.</span> <span class='ocrx_word' id='word_1_327' title='bbox 430 2227 590 2274; x_wconf 87' lang='lat' dir='ltr'>obuius</span> <span class='ocrx_word' id='word_1_328' title='bbox 612 2227 695 2284; x_wconf 85' lang='lat' dir='ltr'>est,</span> <span class='ocrx_word' id='word_1_329' title='bbox 729 2234 1068 2296; x_wconf 88' lang='lat' dir='ltr'>praecipuarum</span> <span class='ocrx_word' id='word_1_330' title='bbox 1094 2234 1306 2280; x_wconf 85' lang='lat' dir='ltr'>Graeciae</span> <span class='ocrx_word' id='word_1_331' title='bbox 1335 2234 1564 2278; x_wconf 83' lang='lat' dir='ltr'>ciuitatum</span> <span class='ocrx_word' id='word_1_332' title='bbox 1586 2228 1704 2278; x_wconf 83' lang='lat' dir='ltr'>casus</span> <span class='ocrx_word' id='word_1_333' title='bbox 1727 2235 1876 2278; x_wconf 87' lang='lat' dir='ltr'>ruinas</span> <span class='ocrx_word' id='word_1_334' title='bbox 1901 2247 1942 2278; x_wconf 89' lang='lat' dir='ltr'>et</span> <span class='ocrx_word' id='word_1_335' title='bbox 1961 2231 2044 2277; x_wconf 84' lang='lat' dir='ltr'>mi-</span> 
     </span>
     <span class='ocr_line' id='line_1_33' title="bbox 108 2294 2045 2360; baseline 0.001 -17"><span class='ocrx_word' id='word_1_336' title='bbox 108 2294 253 2344; x_wconf 67' lang='lat' dir='ltr'>rifle-as</span> <span class='ocrx_word' id='word_1_337' title='bbox 278 2294 590 2342; x_wconf 88' lang='lat' dir='ltr'>conuersiones</span> <span class='ocrx_word' id='word_1_338' title='bbox 612 2295 940 2360; x_wconf 69' lang='lat' dir='ltr'>compleffitur.</span> <span class='ocrx_word' id='word_1_339' title='bbox 1019 2299 1259 2346; x_wconf 76' lang='lat' dir='ltr'>Habentur</span> <span class='ocrx_word' id='word_1_340' title='bbox 1290 2300 1420 2344; x_wconf 86' lang='lat' dir='ltr'>etiam</span> <span class='ocrx_word' id='word_1_341' title='bbox 1446 2313 1573 2344; x_wconf 89' lang='lat' dir='ltr'>tomo</span> <span class='ocrx_word' id='word_1_342' title='bbox 1596 2301 1674 2345; x_wconf 91' lang='lat' dir='ltr'>VI.</span> <span class='ocrx_word' id='word_1_343' title='bbox 1698 2297 1907 2355; x_wconf 81' lang='lat' dir='ltr'>thesauri</span> <span class='ocrx_word' id='word_1_344' title='bbox 1925 2301 2045 2345; x_wconf 87' lang='lat' dir='ltr'>Gro-</span> 
     </span>
     <span class='ocr_line' id='line_1_34' title="bbox 65 2363 2042 2430; baseline -0.002 -17"><span class='ocrx_word' id='word_1_345' title='bbox 65 2372 69 2375; x_wconf 85' lang='grc'><strong>’</strong></span> <span class='ocrx_word' id='word_1_346' title='bbox 105 2365 292 2413; x_wconf 86' lang='lat' dir='ltr'>nouiani</span> <span class='ocrx_word' id='word_1_347' title='bbox 311 2363 510 2413; x_wconf 83' lang='lat' dir='ltr'>Ioachimi</span> <span class='ocrx_word' id='word_1_348' title='bbox 527 2363 724 2430; x_wconf 77' lang='lat' dir='ltr'>Stephani</span> <span class='ocrx_word' id='word_1_349' title='bbox 745 2364 799 2423; x_wconf 80' lang='lat' dir='ltr'>de</span> <span class='ocrx_word' id='word_1_350' title='bbox 821 2364 1131 2415; x_wconf 69' lang='lat' dir='ltr'>iurisdiE’cione</span> <span class='ocrx_word' id='word_1_351' title='bbox 1163 2381 1371 2415; x_wconf 85' lang='lat' dir='ltr'>veterum</span> <span class='ocrx_word' id='word_1_352' title='bbox 1393 2368 1672 2415; x_wconf 83' lang='lat' dir='ltr'>Graecorum</span> <span class='ocrx_word' id='word_1_353' title='bbox 1706 2383 1760 2414; x_wconf 84' lang='lat' dir='ltr'>ex</span> <span class='ocrx_word' id='word_1_354' title='bbox 1797 2368 1890 2414; x_wconf 87' lang='lat' dir='ltr'>eius</span> <span class='ocrx_word' id='word_1_355' title='bbox 1920 2364 2042 2411; x_wconf 88' lang='lat' dir='ltr'>libro</span> 
     </span>
    </p>
   </div>
   <div class='ocr_carea' id='block_1_3' title="bbox 1027 2431 2041 2497">
    <p class='ocr_par' dir='ltr' id='par_1_3' title="bbox 1027 2431 2041 2497">
     <span class='ocr_line' id='line_1_35' title="bbox 1027 2431 2041 2497; baseline -0.003 -15"><span class='ocrx_word' id='word_1_356' title='bbox 1027 2435 1108 2497; x_wconf 86' lang='lat'>13</span> <span class='ocrx_word' id='word_1_357' title='bbox 1983 2431 2041 2480; x_wconf 81' lang='lat' dir='ltr'>de</span> 
     </span>
    </p>
   </div>
   <div class='ocr_carea' id='block_1_4' title="bbox 48 2552 2047 2835">
    <p class='ocr_par' dir='ltr' id='par_1_4' title="bbox 48 2552 2047 2835">
     <span class='ocr_line' id='line_1_36' title="bbox 165 2552 2042 2603; baseline 0.001 -11"><span class='ocrx_word' id='word_1_358' title='bbox 165 2557 180 2585; x_wconf 84' lang='lat'><em>⁵</em></span> <span class='ocrx_word' id='word_1_359' title='bbox 203 2554 304 2594; x_wconf 76' lang='lat' dir='ltr'>Inter</span> <span class='ocrx_word' id='word_1_360' title='bbox 323 2553 538 2595; x_wconf 81' lang='lat' dir='ltr'>Archontes</span> <span class='ocrx_word' id='word_1_361' title='bbox 558 2565 704 2594; x_wconf 85' lang='lat' dir='ltr'>nouem</span> <span class='ocrx_word' id='word_1_362' title='bbox 722 2552 885 2596; x_wconf 80' lang='lat' dir='ltr'>Athenis</span> <span class='ocrx_word' id='word_1_363' title='bbox 904 2566 999 2598; x_wconf 84' lang='lat' dir='ltr'>vnus</span> <span class='ocrx_word' id='word_1_364' title='bbox 1020 2566 1170 2599; x_wconf 82' lang='lat' dir='ltr'>tantum</span> <span class='ocrx_word' id='word_1_365' title='bbox 1190 2568 1269 2599; x_wconf 85' lang='lat' dir='ltr'>erat</span> <span class='ocrx_word' id='word_1_366' title='bbox 1291 2555 1469 2603; x_wconf 64' lang='grc' dir='ltr'>ἐπώνυμος</span> <span class='ocrx_word' id='word_1_367' title='bbox 1485 2552 1560 2595; x_wconf 85' lang='lat' dir='ltr'>siue</span> <span class='ocrx_word' id='word_1_368' title='bbox 1578 2555 1683 2596; x_wconf 84' lang='lat' dir='ltr'>cuius</span> <span class='ocrx_word' id='word_1_369' title='bbox 1710 2567 1851 2595; x_wconf 80' lang='lat' dir='ltr'>nomen</span> <span class='ocrx_word' id='word_1_370' title='bbox 1868 2566 1914 2595; x_wconf 89' lang='lat' dir='ltr'>eo</span> <span class='ocrx_word' id='word_1_371' title='bbox 1935 2566 2042 2597; x_wconf 78' lang='lat' dir='ltr'>anno</span> 
     </span>
     <span class='ocr_line' id='line_1_37' title="bbox 107 2608 2046 2664; baseline 0.001 -16"><span class='ocrx_word' id='word_1_372' title='bbox 107 2610 360 2649; x_wconf 71' lang='lat' dir='ltr'>annotabatur</span> <span class='ocrx_word' id='word_1_373' title='bbox 377 2612 416 2650; x_wconf 86' lang='lat' dir='ltr'>in</span> <span class='ocrx_word' id='word_1_374' title='bbox 440 2609 561 2656; x_wconf 80' lang='lat' dir='ltr'>fastis,</span> <span class='ocrx_word' id='word_1_375' title='bbox 596 2621 636 2650; x_wconf 86' lang='lat' dir='ltr'>vt</span> <span class='ocrx_word' id='word_1_376' title='bbox 659 2610 772 2649; x_wconf 86' lang='lat' dir='ltr'>docet</span> <span class='ocrx_word' id='word_1_377' title='bbox 794 2621 939 2662; x_wconf 84' lang='lat' dir='ltr'>praeter</span> <span class='ocrx_word' id='word_1_378' title='bbox 965 2614 1056 2653; x_wconf 78' lang='lat' dir='ltr'>alios</span> <span class='ocrx_word' id='word_1_379' title='bbox 1082 2614 1193 2654; x_wconf 84' lang='lat' dir='ltr'>Philo</span> <span class='ocrx_word' id='word_1_380' title='bbox 1224 2614 1291 2654; x_wconf 87' lang='lat' dir='ltr'>lib.</span> <span class='ocrx_word' id='word_1_381' title='bbox 1323 2614 1370 2651; x_wconf 87' lang='lat' dir='ltr'>de</span> <span class='ocrx_word' id='word_1_382' title='bbox 1395 2611 1613 2651; x_wconf 70' lang='lat' dir='ltr'>Abrahamo</span> <span class='ocrx_word' id='word_1_383' title='bbox 1638 2625 1724 2664; x_wconf 82' lang='lat' dir='ltr'>pag.</span> <span class='ocrx_word' id='word_1_384' title='bbox 1747 2621 1839 2664; x_wconf 83' lang='lat'>275.</span> <span class='ocrx_word' id='word_1_385' title='bbox 1896 2608 2046 2664; x_wconf 73' lang='lat' dir='ltr'>Confer</span> 
     </span>
     <span class='ocr_line' id='line_1_38' title="bbox 107 2663 2047 2723; baseline 0.001 -21"><span class='ocrx_word' id='word_1_386' title='bbox 107 2674 267 2703; x_wconf 84' lang='lat' dir='ltr'>veterem</span> <span class='ocrx_word' id='word_1_387' title='bbox 287 2663 570 2719; x_wconf 81' lang='lat' dir='ltr'>inscriptionem</span> <span class='ocrx_word' id='word_1_388' title='bbox 592 2666 632 2705; x_wconf 89' lang='lat' dir='ltr'>in</span> <span class='ocrx_word' id='word_1_389' title='bbox 652 2665 920 2706; x_wconf 82' lang='lat' dir='ltr'>Montfauconi</span> <span class='ocrx_word' id='word_1_390' title='bbox 946 2669 1231 2723; x_wconf 75' lang='lat' dir='ltr'>palaeographia</span> <span class='ocrx_word' id='word_1_391' title='bbox 1253 2683 1335 2721; x_wconf 82' lang='lat' dir='ltr'>pag.</span> <span class='ocrx_word' id='word_1_392' title='bbox 1363 2677 1450 2719; x_wconf 69' lang='lat'>149.</span> <span class='ocrx_word' id='word_1_393' title='bbox 1479 2677 1516 2707; x_wconf 86' lang='lat' dir='ltr'>et</span> <span class='ocrx_word' id='word_1_394' title='bbox 1538 2668 1749 2707; x_wconf 82' lang='lat' dir='ltr'>Antonium</span> <span class='ocrx_word' id='word_1_395' title='bbox 1770 2678 1843 2704; x_wconf 85' lang='lat' dir='ltr'>van</span> <span class='ocrx_word' id='word_1_396' title='bbox 1863 2664 1960 2705; x_wconf 87' lang='lat' dir='ltr'>Dale</span> <span class='ocrx_word' id='word_1_397' title='bbox 1982 2678 2047 2705; x_wconf 86' lang='lat' dir='ltr'>an·</span> 
     </span>
     <span class='ocr_line' id='line_1_39' title="bbox 48 2718 2042 2813; baseline 0 -53"><span class='ocrx_word' id='word_1_398' title='bbox 48 2770 56 2775; x_wconf 19' lang='grc' dir='ltr'>ἱ</span> <span class='ocrx_word' id='word_1_399' title='bbox 104 2718 283 2813; x_wconf 67' lang='lat' dir='ltr'>tiquitastt.</span> <span class='ocrx_word' id='word_1_400' title='bbox 305 2734 324 2760; x_wconf 80' lang='lat' dir='ltr'>e</span> <span class='ocrx_word' id='word_1_401' title='bbox 348 2721 601 2765; x_wconf 79' lang='lat' dir='ltr'>marmoribus</span> <span class='ocrx_word' id='word_1_402' title='bbox 624 2735 713 2778; x_wconf 83' lang='lat' dir='ltr'>pag.</span> <span class='ocrx_word' id='word_1_403' title='bbox 738 2731 821 2777; x_wconf 79' lang='lat'>203</span> <span class='ocrx_word' id='word_1_404' title='bbox 842 2721 900 2776; x_wconf 86' lang='lat' dir='ltr'>sq·</span> <span class='ocrx_word' id='word_1_405' title='bbox 954 2723 1174 2768; x_wconf 81' lang='lat' dir='ltr'>Archontes</span> <span class='ocrx_word' id='word_1_406' title='bbox 1195 2726 1423 2780; x_wconf 83' lang='lat' dir='ltr'>Eponymos</span> <span class='ocrx_word' id='word_1_407' title='bbox 1449 2721 1586 2765; x_wconf 81' lang='lat' dir='ltr'>ordine</span> <span class='ocrx_word' id='word_1_408' title='bbox 1615 2719 1849 2779; x_wconf 77' lang='lat' dir='ltr'>alphabetico</span> <span class='ocrx_word' id='word_1_409' title='bbox 1868 2719 2042 2775; x_wconf 59' lang='lat' dir='ltr'>exhibuif</span> 
     </span>
     <span class='ocr_line' id='line_1_40' title="bbox 106 2781 550 2835; baseline 0.009 -22"><span class='ocrx_word' id='word_1_410' title='bbox 106 2784 194 2815; x_wconf 77' lang='lat' dir='ltr'>mus</span> <span class='ocrx_word' id='word_1_411' title='bbox 239 2787 328 2829; x_wconf 81' lang='lat' dir='ltr'>upra</span> <span class='ocrx_word' id='word_1_412' title='bbox 349 2790 434 2834; x_wconf 72' lang='lat' dir='ltr'>pag·</span> <span class='ocrx_word' id='word_1_413' title='bbox 450 2781 550 2835; x_wconf 64' lang='lat'><strong>384.</strong></span> 
     </span>
    </p>
   </div>
  </div>
 </body>
</html>
