2263 3027
216 90 313 149 768-
736 101 779 146 ·.1:
806 78 990 146 *CAR--
1007 79 1168 146 xvi!-
1202 78 1568 142 DECIMA&
1643 94 1650 141 q

215 204 474 253 Schickardi
503 204 570 251 ius
590 204 768 266 regium
797 202 941 251 Hebr.
970 209 1201 268 pag-270.
1224 200 1287 267 sq.
1371 207 1491 251 Ioan.
1520 203 1735 251 Seldenus
1765 218 1904 268 opere
1936 209 1955 245 3
1978 207 2150 267 anglice

216 274 337 321 edito
361 273 415 318 de
436 273 657 326 Decimis,
695 272 844 320 Lond.
877 275 935 319 16
951 290 961 317 ι
978 280 1018 326 8.
1043 286 1087 333 4.
1111 288 1154 318 et
1173 272 1217 318 in
1240 274 1333 318 eius
1354 271 1566 336 operibus
1594 271 1697 320 Vol.
1726 289 1763 329 3.
1784 289 1882 335 pag.
1914 280 2038 322 1060
2055 271 2151 338 sqq,

217 343 340 388 cuius
363 342 446 385 tria
469 340 671 403 primora
699 341 840 405 capita
861 339 996 386 latine
1018 356 1040 385 a
1069 336 1112 386 se
1131 336 1256 386 versa
1279 342 1398 386 Ioan.
1423 339 1621 388 Clericus
1643 343 1698 386 V.
1718 342 1765 387 C.
1787 338 2014 387 subiunxit
2037 357 2158 387 com.

217 410 438 456 mentario
458 405 536 459 suo
558 410 646 454 iam
678 408 746 456 bis
767 408 889 455 edito
918 410 963 453 in
998 409 1361 454 Pentateuchum.
1431 412 1583 455 Franc.
1619 411 1846 455 Gomarus
1873 411 1931 456 T.
1969 424 2004 457 1.
2034 412 2158 473 Opp.

217 494 261 541 p.
289 485 398 538 643.
468 476 615 522 Dauid
635 476 833 523 Clericus
854 474 1032 539 Qacst.
1057 472 1159 541 sacr.
1182 493 1281 540 pag.
1305 490 1332 524 2
1356 473 1449 540 sqq.
1522 479 1585 524 Io.
1613 479 1862 540 Spence-rus
1893 478 1970 524 111.
2002 491 2070 526 10.
2101 477 2182 524 de-

218 544 391 605 legibus
415 543 746 591 Hebraeorum.
817 543 994 591 Samuel
1015 541 1247 604 Basnagius
1268 545 1408 590 annal.
1432 544 1647 607 politico·
1669 541 1933 594 ecclesiastic.
1956 547 2161 598 Tom.v2.

218 630 266 677 p.
292 627 390 674 504
410 609 503 674 sqq.
580 612 760 659 Salonio
785 611 1056 675 Deylingius
1085 609 1258 658 observ.
1290 609 1392 657 sacr.
1417 614 1460 658 P.
1485 627 1524 671 3.
1558 631 1598 677 p.
1625 628 1719 670 209
1751 609 1842 676 sqq.
1869 628 1913 660 et
1945 627 2034 670 271
2063 609 2162 676 sqq.

219 684 409 726 Ioannes
438 679 652 726 Prideaux
676 697 805 744 oper.
834 680 1030 741 theolog.
1060 697 1104 743 p,
1136 685 1228 737 360
1247 677 1338 743 sqq.
1406 681 1582 727 Paullus
1601 682 1760 740 Fagius
1779 682 1822 726 in
1845 678 2061 728 Onkelosi
2085 684 2164 733 Pas

219 745 446 812 raphrasin
468 751 603 796 Devt.
633 752 752 794 XlV.
798 748 959 795 Bernh.
981 746 1076 796 Seb.
1101 751 1339 794 Cremerus
1351 741 1680 811 Antiquitatum
1705 746 2165 813 Mosaicotypicarum

220 819 358 862 Tom.
392 830 426 863 1.
461 833 504 880 p.
534 833 616 876 115
645 813 738 879 sqq.
815 820 968 862 Petrus
1001 818 1198 878 Zornius
1229 816 1284 862 ad
1316 819 1525 862 Hecataei
1556 816 1795 863 Abderitae
1815 817 2002 878 Eclogas
2022 833 2065 880 p.
2096 832 2165 875 ¹7·

222 886 392 944 Georg.
413 883 820 934 Ludov.VOederus
843 885 889 929 in
915 885 1112 931 centuria
1140 881 1499 938 coniegiurarum
1525 885 1579 931 de
1604 882 1934 932 difficilioribus
1965 887 2005 930 S.
2029 887 2068 930 S.
2101 883 2166 929 lo·

224 953 284 997 cis
303 967 348 1014 p.
385 968 404 996 1
422 967 432 997 ι
447 969 474 995 0
500 948 559 1014 sq.
586 967 628 997 et
655 955 684 999 Ι.
706 955 762 999 G.
785 953 1063 1014 Carpzouius
1083 952 1135 997 ad
1151 952 1468 999 Goodwinum
1489 970 1532 1016 p.
1547 957 1642 1019 639
1663 949 1756 1015 sqq.
1827 955 1916 1000 His
1938 951 2168 998 addendus

222 1018 285 1065 Io.
308 1020 541 1065 Conradus
562 1020 865 1081 Hottingerus
888 1019 1050 1080 dignus
1075 1021 1265 1065 Henrici
1288 1036 1455 1083 nepos,
1490 1022 1614 1066 cuius
1637 1023 1987 1067 commentarius
2011 1020 2166 1083 philo-

222 1086 396 1147 logicus
422 1085 870 1133 siue'exercitationes
893 1090 942 1132 X.
973 1087 1028 1132 de
1053 1089 1252 1132 Decimis
1273 1089 1543 1133 Iudaeorum
1575 1106 1678 1134 cum
1712 1087 1894 1152 epistola
1928 1086 2168 1134 dofflffimi

224 1155 327 1199 Viri
349 1154 491 1202 Hadr.
517 1155 706 1200 Relandi
727 1170 845 1205 anno
878 1163 1017 1212 1712'.
1047 1152 1317 1218 prodierunt
1340 1155 1554 1216 Lugduni
1584 1159 1730 1204 BataV.
1759 1158 1808 1202 in
1827 1172 1870 1218 4.
1903 1172 1945 1203 et
1976 1153 2170 1202 differta-

223 1222 493 1268 tionesAlb.
516 1223 739 1268 Gunzelii.
763 1220 946 1268 Witteb.
983 1229 1121 1279 1641.
1192 1226 1255 1269 Io.
1279 1221 1596 1271 Frischmuthi.
1619 1227 1749 1270 Ienae
1778 1233 1916 1282 1657.
1985 1222 2172 1271 Gustaui
2260 1201 2263 1203 .

222 1286 814 1354 Peringeri.vasal.,1685.
883 1291 995 1337 Dan
1022 1290 1220 1337 Mulleri.
1251 1293 1382 1338 Ienae
1411 1301 1550 1350 1692.
1619 1294 1740 1338 Ioan.
1764 1295 1950 1355 Kaerup.
1972 1289 2170 1341 Hafniae
2256 1307 2260 1313 ·

233 1372 369 1420 1707.
439 1358 657 1404 Similiter
690 1359 737 1403 in
764 1358 907 1403 veteri
944 1357 1131 1404 Ecclesia
1164 1357 1411 1407 Christiana
1445 1360 1631 1406 Clericis
1660 1360 1872 1406 Decimae
1901 1359 2049 1412 datae,
2094 1357 2170 1405 vel

223 1424 326 1471 loco
349 1424 527 1472 illarum
554 1425 721 1472 liber-ae
751 1424 1001 1473 oblationes
1032 1442 1240 1490 tanquam
1273 1427 1492 1481 decimae,
1533 1443 1583 1473 vt
1615 1428 1818 1491 loquitur
1849 1430 1894 1475 S.
1916 1428 2171 1490 Cyprianus

222 1490 420 1556 Epistola
448 1509 484 1542 1.
556 1490 724 1540 Confer
747 1497 813 1541 M.
836 1495 1089 1541 Antonium
1121 1495 1176 1541 de
1202 1498 1415 1543 Dominis
1444 1499 1519 1542 IX.
1552 1511 1594 1544 2.
1662 1496 1940 1542 Cotelerium
1977 1494 2032 1541 ad
2065 1511 2170 1541 con-

224 1559 357 1608 stitut.
382 1558 584 1626 Apostol.
608 1565 660 1607 ΙΙ.
685 1579 756 1623 3ς.
833 1565 1018 1608 Petrum
1043 1562 1099 1609 de
1122 1567 1273 1612 Mai-ca
1296 1568 1374 1616 IV,
1406 1579 1474 1614 ιο.
1497 1563 1551 1610 de
1582 1564 1836 1610 Concordia
1855 1563 2100 1610 Sacerdotii
2128 1576 2172 1609 et
2257 1554 2260 1558 ’

226 1631 438 1692 Imperii,
475 1645 518 1676 et
538 1633 616 1678 VI.
650 1648 720 1675 12.
744 1627 824 1675 vbi
855 1630 910 1676 de
939 1647 1017 1687 e0,
1053 1648 1144 1694 quo
1164 1632 1500 1694 jureDe'cimas
1519 1631 1747 1679 redituurn
1767 1630 2172 1679 Ecclefiasticorum

225 1693 304 1741 fibi
326 1714 503 1759 arroget
521 1695 769 1762 Episcopus
797 1700 1043 1746 Romanus,
1114 1697 1359 1764 Iosephum
1381 1701 1681 1762 Binghamum
1703 1698 1781 1747 lib.
1807 1704 1861 1744 V.
1881 1701 2011 1758 Orig.
2034 1697 2170 1744 eccle-

225 1761 375 1811 siastic.
408 1782 441 1812 c.
470 1784 507 1821 5.
584 1765 682 1813 lust.
716 1767 950 1827 I-Ienning.
973 1768 1278 1817 Boehmerum
1309 1773 1368 1818 T.
1403 1784 1444 1826 3.
1479 1769 1589 1813 iuris
1622 1764 1892 1812 ecclesiastici
1920 1763 2173 1811 Protestan-

226 1832 355 1877 tium.
428 1831 588 1880 Christ.
617 1832 851 1880 Thomasii
879 1831 1053 1882 observ.
1077 1837 1133 1881 de
1157 1836 1380 1888 Decimis,
1419 1851 1530 1896 quae
1549 1831 1684 1880 exstat
1712 1837 1770 1880 T.
1796 1836 1848 1880 X.
1884 1830 2060 1879 observ.
2081 1836 2174 1879 Ha-
2219 1855 2227 1860 ·

227 1896 412 1943 lenfium
436 1916 479 1961 p.
504 1913 592 1947 221
622 1898 714 1963 sqq.
740 1917 780 1946 et
801 1898 1053 1947 Misanders
1077 1905 1235 1963 (ioan.
1259 1905 1371 1948 Sam.
1386 1902 1579 1954 Adami)
1612 1902 1792 1961 curiense
1814 1899 2051 1951 &ebanfcn
2073 1912 2173 1955 vom

227 1968 409 2011 Decem.
434 1967 589 2012 Dresd.
627 1983 764 2027 ¹704·
789 1978 828 2017 8.
899 1971 1003 2014 Iure
1034 1969 1193 2015 diuino
1228 1969 1421 2014 decimas
1460 1966 1759 2015 ecclesiasticas
1798 1967 1952 2014 deberi
1980 1964 2172 2031 disputat

227 2035 375 2081 Franc.
390 2035 554 2080 Suarez
574 2033 692 2080 libro
713 2033 768 2080 de
782 2034 940 2086 diuino
963 2035 1084 2082 cultu
1104 2052 1141 2089 c.
1156 2054 1180 2093 9
1203 2033 1297 2099 sqq.
1312 2053 1357 2100 p.
1374 2051 1429 2097 71
1447 2033 1539 2100 sqq.
1557 2032 1781 2086 Aduersus
1791 2036 2032 2084 Seldenum
2046 2035 2173 2148 ‘flaui

2020 2119 2084 2167 po
2123 2117 2174 2148 ea

295 2265 310 2293 3
335 2261 489 2302 Titulus
506 2261 629 2321 operis
657 2263 727 2303 est:
770 2261 919 2316 History
947 2262 999 2317 ⁰f
1010 2264 1151 2318 tyrim,
1181 2263 1267 2304 that
1297 2264 1329 2304 is
1351 2263 1411 2304 the
1435 2265 1599 2317 praefice
1624 2263 1676 2318 of
1690 2273 1870 2319 payment
1892 2261 1945 2321 of
1959 2257 2082 2314 them,
2111 2263 2173 2306 the

218 2317 372 2371 pofitive
389 2317 501 2356 lawes
520 2319 627 2357 made
637 2319 708 2371 fin·
726 2319 842 2365 them,
871 2319 934 2359 the
951 2321 1116 2373 opinions
1133 2320 1307 2382 touching
1333 2320 1393 2375 th.⁹
1417 2320 1521 2374 right
1542 2319 1594 2374 of
1605 2321 1719 2363 them.

290 2432 311 2456 ⁴
338 2427 522 2467 Seldenus
539 2428 687 2468 coaetus
711 2427 764 2468 est
796 2432 844 2468 A.
869 2423 987 2477 1618.
1009 2427 1067 2476 18?
1090 2427 1247 2479 [attuarii
1268 2430 1566 2486 Arcbiepiscopis
1599 2442 1635 2471 et
1661 2430 1854 2486 Epist-opis
1877 2417 2083 2472 satisfacere
2104 2431 2175 2472 hac

227 2481 379 2533 epistola
413 2484 652 2533 reti-aitoria,
693 2497 805 2537 quam
834 2486 871 2524 in
907 2485 1070 2526 Historia
1099 2483 1332 2526 ecclesiastica
1362 2488 1526 2541 Angliae
1557 2486 1673 2527 refert
1708 2488 1884 2528 Ieremias
1911 2488 2111 2527 Collierius
2137 2497 2175 2534 et

229 2537 435 2577 Richardus
455 2540 643 2593 Tillesley
666 2538 820 2593 praefat.
847 2540 894 2579 ad
920 2540 1170 2581 animaduetfi
1192 2543 1229 2581 in
1247 2542 1450 2583 seldenum
1473 2545 1514 2582 Β.
1535 2555 1574 2596 4.
1644 2544 1715 2593 My
1728 2544 1826 2596 good
1842 2543 1972 2584 Lords.
2042 2546 2059 2582 I
2078 2541 2175 2582 most

228 2590 390 2642 humbly
411 2594 691 2649 acknowlcdge
711 2609 778 2648 my
809 2609 932 2644 error,
964 2596 1086 2636 which
1107 2597 1123 2634 Ι
1143 2596 1237 2636 have
1254 2598 1478 2638 committed
1498 2600 1536 2638 in
1556 2597 1784 2652 publishing
1804 2597 1864 2637 the
1875 2597 2026 2650 History
2047 2597 2100 2651 of
2114 2599 2175 2637 Ti-

231 2646 331 2693 thes,
361 2647 436 2685 and
455 2649 633 2704 specially
656 2653 695 2691 in
715 2651 794 2691 that
813 2653 828 2690 1
849 2652 942 2692 have
962 2662 999 2692 at
1019 2653 1071 2692 all
1092 2652 1146 2706 by
1166 2651 1340 2708 ihewing
1362 2668 1441 2709 any
1464 2654 1756 2708 interpretation
1777 2653 1825 2695 of
1837 2652 1934 2707 holy
1955 2654 2174 2708 Scriptures‚

2119 2709 2173 2761 by
