2263 3027
617 91 1120 148 GEOGRAPHI
1188 94 1508 147 GRAECI.
1566 146 1568 148 ,
1706 110 1711 113 “
1942 115 2025 160 193

168 223 330 272 Po'e'tae
367 219 581 270 fiibie&o.
599 257 603 260 ‚
682 218 785 279 Rufi
817 218 919 281 Festi
960 222 1110 266 Atticm·
1151 235 1194 266 et
1216 220 1428 281 Pristiani
1463 217 1769 284 Metaphrases
1810 222 2029 284 Dionyfii

172 296 321 339 Auieni
340 308 417 337 ora
437 290 671 336 maritima.
761 290 964 350 Anonymi
984 289 1131 350 graeci
1152 291 1253 334 Par.
1246 287 1426 352 .phrafis
1458 289 1505 334 in
1527 287 1807 349 Periegefin
1799 292 2035 350 integrior.

140 400 149 410 .
169 363 389 423 Excerpta
417 376 442 404 e
462 353 698 403 Scholiaste
723 355 906 401 inedito
927 358 975 401 in
1008 353 1201 418 Dionys.
1233 358 1310 419 qui
1336 355 1470 402 exstat
1488 353 1687 403 Parisiis
1677 373 1724 402 in
1743 356 1855 403 Bibl
1878 358 2030 432 Regia.

168 431 435 488 Fragmenta
466 424 519 471 de
549 421 731 468 vrbium
762 438 804 469 et
834 424 1074 484 regionum
1105 423 1403 470 nominibus
1393 442 1440 470 in
1463 424 1545 471 alia
1575 424 1774 479 mutatis,
1823 441 1876 470 ex
1911 426 2030 470 notis

175 497 344 541 Leonis
369 491 520 540 Allatii
544 490 599 536 ad
619 493 872 551 Georgium
902 491 1212 555 Acropolitam
1243 508 1288 555 Ρ.
1312 508 1418 554 244.
1455 507 1498 538 et
1527 506 1586 538 ex
1614 492 1681 544 iis,
1714 508 1825 555 quae
1858 489 2032 537 subiici

171 579 307 608 untur
337 559 512 606 Codino
538 575 582 623 p.
611 572 725 617 404.
773 559 941 622 aliaque
972 556 1294 624 apoipasmatia
1325 559 1622 623 geographica
1649 558 1724 606 vel
1761 560 1927 650 inedita
1958 561 2032 605 ha

171 628 324 677 &enus
345 627 417 672 vel
439 625 717 672 emendatius
740 627 870 680 edita,
906 643 1073 688 graece.
1128 652 1130 655 >

255 711 303 757 7.
340 695 656 758 Geographica
677 712 699 740 a
720 698 874 741 Leone
902 695 1099 742 Allatio'
1089 712 1136 740 m
1164 695 1428 759 συμμίκτοις
1447 691 1630 741 colle&
1658 670 1865 758 editaque
1888 712 1907 741 a
1932 698 2031 741 nai

101 763 259 810 tholdo
280 760 493 815 Nihufio,
508 760 647 808 Amst.
671 771 806 823 1653.
822 770 864 817 8.
899 765 1149 809 recentiora
1169 759 1270 808 sunt
1293 764 1625 825 maximamque
1645 777 1817 825 partem
1833 760 2029 808 Palaesti

101 849 203 877 nam
231 827 425 896 spesi-ant
456 844 498 875 et
528 831 616 875 iam
647 826 778 894 supra
808 846 1054 877 memorata
1089 848 1136 877 ac
1163 830 1272 877 Bibl.
1304 847 1484 891 graecae
1521 829 1597 875 lib.
1622 833 1700 876 IV.
1724 847 1768 893 Ρ.
1801 836 1876 884 81.
1908 827 2027 892 seqq

101 899 357 959 diligentius
387 896 607 950 recensita,
651 914 741 944 vna
771 915 874 944 eum
894 895 1171 961 syntagmate
1201 899 1521 960 geographico,
1563 898 1685 960 quod
1720 898 1851 944 edere
1882 898 2029 943 voluit

99 969 229 1012 Lucas
249 966 493 1028 Holsteniffits
526 963 630 1010 teste
660 965 904 1012 Lambecio
926 965 1044 1012 libro
1076 981 1112 1013 1.
1153 965 1207 1012 de
1226 965 1340 1013 Bibl.
1366 962 1709 1010 Vindobonenfi
1730 981 1775 1029 Ρ.
1800 979 1908 1026 113.
1939 962 2027 1027 seq

98 1039 297 1081 Tantum
323 1034 486 1080 addere
513 1033 641 1078 liceat
666 1035 833 1080 Ioannis
855 1033 1018 1082 Phocae
1039 1031 1385 1098 descriptionem
1417 1031 1661 1079 castrorum
1689 1047 1732 1078 et
1761 1031 1943 1077 vrbium
1973 1031 2026 1076 ab

99 1103 338 1149 Antiochia
375 1101 431 1148 ad
461 1097 829 1163 Hierosolymam
868 1118 1010 1165 Vsque
1049 1101 1185 1148 latine
1221 1118 1276 1148 ex
1310 1100 1463 1147 All-atii
1503 1098 1709 1146 versione
1747 1095 2025 1163 praemissam

97 1174 254 1217 Tomo
277 1173 331 1215 ΙΙ.
362 1167 514 1216 Αξὶοικ
545 1165 733 1214 {aneton
756 1170 884 1224 Maii,
921 1171 991 1215 cui
1012 1169 1345 1233 Papebrochius
1375 1168 1564 1214 latinum
1595 1164 1825 1213 subiunxit
1845 1169 2028 1213 Itinera

99 1240 219 1286 rium
260 1238 485 1283 Antonini
520 1236 766 1282 Placentini
805 1254 828 1282 e
861 1239 958 1283 MS.
996 1235 1238 1283 Toracenfi
1286 1253 1387 1282 cum
1429 1234 1515 1281 suis
1554 1233 2025 1288 animaduersionibus.

99 1305 350 1370 Epiphanius
379 1302 534 1349 auster
566 1306 747 1363 Geogra
728 1304 908 1365 phicae
940 1306 1207 1350 narrationis
1238 1306 1391 1365 8)1·1ιιε
1423 1303 1543 1350 idem
1580 1303 1759 1349 videtur
1789 1304 1866 1364 qui
1891 1302 1943 1347 de
1980 1304 2022 1350 S.

96 1369 320 1433 Apostoio
353 1369 532 1415 Andrea
561 1382 604 1412 et
631 1369 685 1413 de
719 1373 758 1413 8.
792 1371 938 1413 Maria
977 1367 1187 1431 scripfisse
1218 1387 1494 1416 memoratur
1523 1369 1575 1415 ab
1610 1371 1773 1416 All-atio
1804 1386 1848 1432 Ρ
1870 1384 1949 1426 90.
1984 1385 2026 1415 et

107 1441 214 1486 106.
251 1437 306 1482 de
335 1438 600 1482 Simeonum
631 1431 817 1497 scriptis
923 1437 1145 1480 Perdiccas
1175 1437 1516 1481 Protonotarius
1545 1434 1794 1497 Ephesinus
1827 1433 2037 1481 diuersus

56 1549 58 1551 .
102 1501 229 1549 fuisse
253 1503 433 1548 videtur
453 1519 475 1547 a
496 1502 748 1547 Theodoro
761 1501 967 1547 Perdicca
991 1519 1173 1563 magnae
1184 1501 1397 1548 Lcclefiae
1417 1501 1547 1548 CPol.
1568 1519 1590 1547 a
1610 1499 2024 1568 iupplicationibuS,

101 1587 144 1617 et
165 1588 188 1615 a
210 1573 334 1617 Ge01
337 1586 411 1630 erio
443 1569 650 1615 Perdicca
680 1564 1007 1630 sceuophylace
1037 1570 1325 1632 Imperatorii
1353 1569 1474 1622 eleni,
1512 1570 1591 1632 qui
1616 1569 1748 1615 ambo
1778 1565 2027 1629 interfuere

98 1634 321 1700 Pseudosy
310 1635 446 1681 nodo
468 1630 728 1681 CPolitanae
748 1635 1060 1680 Palamitarum
1089 1642 1144 1683 A.
1159 1639 1206 1681 C.
1233 1652 1374 1697 1343.

250 1713 291 1760 8.
333 1703 494 1765 Cofhzae
529 1700 832 1766 lndopleustae
863 1703 1191 1766 Topographia
1218 1701 1464 1748 Christiana
1494 1700 1620 1749 libris
1649 1706 1766 1749 XII.
1797 1681 1973 1765 graece
1966 1678 2026 1759 et

100 1773 235 1818 latine
266 1772 381 1818 edita
411 1789 435 1817 a
462 1770 688 1817 Bernardo
730 1770 784 1815 de
813 1767 1132 1829 Montfaucon,
1176 1766 1305 1816 Paris.
1343 1777 1479 1827 1706
1511 1767 1592 1815 fol.
1645 1771 1699 1817 de
1729 1788 1814 1835 qua
1848 1771 2026 1820 abund‘e

100 1838 272 1886 dstium
307 1837 368 1885 est
398 1837 509 1887 Bibl.
538 1854 717 1899 graecae
738 1836 839 1883 Lib.
873 1839 950 1882 ΙΙΙ.
974 1841 1021 1883 C.
1045 1852 1121 1895 25.
1152 1834 1182 1885 s.
1212 1837 1315 1882 Vol.
1346 1841 1403 1883 ΙΙ.
1429 1854 1526 1901 pag.
1550 1844 1803 1898 604-617·

255 1921 299 1962 9.
340 1906 655 1970 Geogiaphica
687 1906 866 1968 antiqua
896 1922 917 1950 a
947 1903 1087 1950 Iacobo
1119 1908 1331 1951 Gronouio
1363 1904 1479 1951 edita
1512 1905 1657 1965 Lugd.
1693 1910 1839 1952 Batav.
1883 1912 2025 1968 1697.

100 1989 182 2034 4to
203 1972 576 2037 ‘complefflmntur
607 1974 784 2035 quflacis
813 1972 1043 2036 Periplum
1078 1973 1212 2019 maris
1245 1972 1590 2027 mediterranei,
1642 1975 1879 2037 Anonymi
1905 1970 2025 2038 perf-

11 2059 13 2068 ·
102 2043 231 2106 plum
255 2040 492 2087 Maeotidis
515 2040 688 2105 paludis
712 2055 755 2086 et
775 2043 909 2087 Ponti
926 2041 1115 2094 Euxini,
1157 2041 1454 2102 Agathemeri
1473 2040 1803 2105 Hypotypofin
1823 2045 2024 2103 Geogra-

103 2110 248 2173 plaiae,
278 2109 434 2153 omnia
461 2124 636 2168 graeco·
624 2108 786 2161 -latina,
819 2125 922 2155 cum
959 2109 1077 2154 notis
1107 2104 1168 2156 Is.
1192 2106 1326 2154 Voss
1319 2126 1346 2164 1
1384 2111 1468 2157 Iac.
1495 2109 1720 2167 Palmerii,
1755 2113 1867 2156 Sam.
1898 2114 2021 2156 Ten-

102 2176 228 2227 nulii,
264 2190 306 2221 et
329 2174 654 2236 expositionem
682 2177 816 2222 totius
837 2176 998 2243 mundi
1018 2193 1041 2222 a
1064 2179 1144 2222 Iac.
1168 2173 1460 2222 Gothofredo
1484 2176 1669 2229 editam,
1710 2177 1867 2230 latine,
1903 2177 2023 2222 addi-

103 2246 158 2288 tis
191 2241 573 2305 quemadmodum
611 2243 665 2288 ad
702 2260 863 2306 priora.
883 2260 1065 2306 quoque
1104 2243 1290 2289 editoris
1327 2243 1728 2292 emendationibus.
1830 2245 2018 2290 Biennio

103 2309 203 2374 post
223 2311 342 2356 idem
358 2310 626 2355 'Gronouius
646 2309 784 2356 edidit
808 2308 1238 2358 animaduersionem
1257 2311 1305 2355 in
1324 2309 1631 2358 oxoniensem
1653 2312 1844 2374 Scylacis
1867 2311 2019 2356 editio-

105 2394 208 2424 nem
240 2393 282 2424 et
323 2374 632 2423 dissertationis
661 2378 999 2425 Dodwellianae
1032 2378 1088 2424 de
1123 2378 1314 2441 Scylacis
1352 2394 1489 2426 aetate
1520 2396 1730 2432 examen,
1782 2374 2018 2423 subiunsto

105 2446 261 2512 Ephori
292 2442 547 2506 fragmento
576 2461 631 2490 ex
661 2443 847 2493 Cosmae
877 2447 1205 2511 Topographia
1241 2444 1349 2508 (lib.
1374 2462 1412 2493 2.
1431 2463 1478 2511 Ρ.
1513 2455 1615 2502 148.
1650 2445 1752 2491 edit.
1788 2441 2020 2490 Montfau-

15 2537 22 2546 ·
97 2514 337 2575 comanae)
374 2510 518 2573 Lugd.
555 2515 643 2558 Bat.
679 2522 813 2569 ¹699.
849 2529 895 2570 4.

104 2619 107 2621 ,
168 2622 174 2630 .
219 2596 324 2631 10.
362 2582 528 2626 Ioannis
547 2580 839 2626 Grammatici
861 2582 1021 2626 Gazaei
1039 2579 1264 2643 ἕκφαρισις
1293 2582 1372 2630 τοῦ
1406 2579 1614 2640 κωμικοῦ
1647 2579 1830 2630 πίνακος
1863 2599 1942 2630 του
1977 2583 2019 2631 ἐν

25 2679 27 2685 ,
91 2642 289 2709 -Γοὶζη
263 2651 287 2711 ἢ
326 2650 366 2698 ἓν
402 2644 652 2716 ΑνἿιοχειζοι,
689 2644 901 2692 versibus
918 2647 1120 2694 iambicis
1151 2651 1393 2693 DCXXVI.
1447 2649 1616 2693 Graece
1646 2646 1748 2692 vulo
1725 2663 1821 2707 gata
1855 2665 1877 2694 a
1912 2651 2017 2693 Iano

107 2676 335 2777 R'utgersio
355 2714 502 2779 Lugd.
523 2720 614 2763 Bat.
642 2721 781 2770 1.618
816 2729 860 2771 4.
894 2710 1012 2761 libro
1041 2731 1081 2762 2.
1118 2716 1272 2760 variar
1285 2712 1485 2828 bleffion.
1505 2730 1604 2779 pag.
1625 2721 1705 2776 98.
1744 2731 1846 2762 cum
1868 2716 2026 2828 paufiis

1232 2785 1264 2829 B
1908 2799 1954 2829 ca
1993 2799 2026 2828 ι·
