2263 3027
129 85 246 157 „DE-
278 85 607 142 vEsvas
646 88 908 140 PERSAR.
945 50 1361 149 GERMANOR.
1398 94 1494 149 ET
1529 95 1891 156 CLEmcoR.
1933 116 2025 173 841

215 218 295 263 ΙΙΙ.
335 217 404 261 De
429 231 476 261 re
503 211 704 260 vestiaria
725 211 956 262 Pet-samm
974 212 1203 279 Briſjbnim
1234 218 1310 267 lib.
1339 235 1382 270 2.
1411 237 1511 286 pag.
1541 237 1634 287 309
1658 222 1720 290 sq.
1796 227 2027 279 Persarum

86 286 212 347 Magi
243 283 351 332 albis
379 281 572 329 vestibus
604 279 900 336 sunt-induti,
937 299 1054 330 certe
1091 289 1168 349 qui
1199 288 1246 334 in
1279 288 1403 334 India
1436 293 1628 338 viuunt:
1679 310 1783 342 nam
1820 300 1957 344 ceteri
1976 301 2027 345 in

84 351 260 401 Perside
283 351 484 398 colorem
505 348 764 396 flammeum
790 365 833 396 et
852 366 1135 414 purpureum
1168 369 1216 400 vt
1249 356 1295 400 in
1319 354 1511 403 vestibus
1536 359 1593 404 ita
1621 361 1669 405 in
1691 364 1902 424 'gemmis
1939 382 2029 412 ma-

85 422 155 483 gis
177 417 348 467 sacrum
371 419 558 472 habent,
591 431 781 482 propter
800 419 917 478 ignis
937 419 1130 477 cultum,
1170 422 1276 468 vide
1309 426 1444 470 Tom.
1470 425 1612 489 Hyde
1646 428 1699 474 de
1727 431 1856 493 relig.
1883 449 2024 484 veter.

83 486 251 538 Persas,
283 505 382 552 pag.
408 503 469 537 20
490 483 550 548 sq.
628 489 696 531 De
715 482 876 531 vestitu
908 500 952 532 et
982 486 1134 533 cubitu
1165 504 1370 536 veterum
1399 494 1758 550 Germanorum,
1804 499 2026 547 Cluverius

9 615 12 619 Ι
86 559 355 606 Germaniae
374 557 576 617 antiquae
604 551 681 599 lib.
710 569 746 601 r.
780 569 871 616 cap.
899 558 971 601 16.
999 571 1098 618 pag.
1131 570 1224 617 104
1244 554 1305 620 sq,
1376 561 1444 605 De
1468 558 1742 609 vestimentis
1773 568 2024 614 Germano-

84 642 187 673 rum
216 624 353 670 medii
372 618 665 670 aeui-Gottlieb
685 623 794 666 Sam.
821 624 1036 667 Treuerus
1055 625 1100 668 in
1122 621 1295 669 anastasi
1328 628 1490 672 veteris
1512 631 1729 679 Germani
1749 635 2025 682 Germanae-

84 710 172 756 que
196 690 400 738 feminae.
421 685 612 739 Helmst,
646 704 785 747 1729.
812 705 858 748 4.
910 692 1097 737 rOrionis
1122 692 1349 756 Sperlingii
1371 697 1423 738 V.
1449 696 1497 740 C.
1531 703 1850 746 commentatio
1873 702 1928 748 de
1948 719 2022 750 ve-

84 759 187 808 stitu
218 769 420 806 veterum
446 759 679 801 Danorum
710 770 752 802 et
788 755 980 802 aliorum
1011 758 1293 821 populorum
1317 756 1750 824 septemtrionalium
1780 766 1941 817 inserta
1962 769 2025 818 est

83 829 217 877 nouis
244 825 465 874 litterariis
490 825 626 870 maris
645 823 801 870 Baltici
834 837 877 870 et
901 826 1230 889 Septentrionis
1253 832 1308 876 A.
1335 844 1352 877 ι
1367 834 1475 888 698.
1498 846 1598 894 pag.
1622 846 1715 893 205
1738 830 1801 899 sq.

221 966 300 1011 1v.
341 953 588 1027 Episcopus
617 976 661 1008 et
685 958 884 1008 Clericos
914 959 1174 1025 primorum
1207 959 1563 1012 Christianorum
1605 982 1743 1016 aetate
1770 986 1853 1034 per
1880 985 2022 1018 annos

81 1033 260 1080 circiter
281 1032 442 1076 CCCC.
470 1027 728 1088 (Salmasius
753 1028 807 1075 de
829 1030 969 1075 Coma
993 1045 1093 1093 pag.
1119 1043 1227 1091 352.
1251 1035 1393 1093 469.)
1431 1033 1583 1080 habitu
1604 1053 1627 1081 a
1649 1037 1769 1083 laicis
1793 1036 2024 1085 distinfi'tos

79 1099 201 1147 haud
221 1095 348 1146 fuisse
371 1094 574 1144 obseruat
604 1100 685 1143 Iac.
710 1098 928 1143 Boilauius
960 1100 1007 1142 in
1038 1096 1246 1144 historica
1284 1096 1585 1162 disquisitione
1608 1108 1632 1140 4
1654 1103 1709 1150 ’de
1740 1122 1789 1152 re
1824 1103 2024 1153 vestiaria

79 1163 409 1216 hominis'sacri
430 1167 566 1212 vitam
590 1182 881 1227 communem
906 1181 1034 1210 more
1055 1165 1178 1211 ciuili
1201 1166 1763 1234 traducentissRothomag.
1782 1188 1920 1233 1704.
1944 1187 2019 1224 12.

78 1237 238 1284 Ludov.
277 1234 543 1295 Thomasinus
580 1249 690 1281 tom.
726 1251 766 1280 1.
808 1233 863 1279 de
893 1231 1108 1279 Ecclefiae
1146 1229 1378 1297 disciplina
1400 1238 1453 1280 II.
1482 1252 1548 1298 44
1578 1235 1638 1300 sq.
1668 1253 1711 1285 et
1737 1241 2023 1287 Tillemontius

79 1318 208 1350 torno
240 1319 310 1359 ¹4·
341 1302 664 1347 memoriarum
698 1299 866 1345 Histor.
888 1299 1125 1346 Ecclesiast.
1159 1317 1260 1363 pag.
1293 1316 1348 1361 15
1367 1316 1400 1346 t.
1434 1302 1513 1348 vbi
1535 1304 1589 1349 de
1613 1305 1866 1352 Coelestino
1891 1312 2019 1372 Papa.

82 1365 257 1416 Confer
283 1367 403 1414 Rich.
425 1370 606 1413 Simonis
627 1367 736 1413 Bibl.
761 1367 958 1413 criticam
980 1370 1173 1428 tomo'3.
1204 1383 1302 1430 pag.
1332 1382 1422 1427 322
1445 1366 1505 1432 sq.
1535 1370 1612 1416 vbi
1635 1373 1823 1419 Boilauii
1848 1373 2024 1424 librum

80 1435 239 1483 laudat.
317 1433 432 1480 Vide
476 1435 609 1480 etiam
639 1432 921 1496 Aſjemanmtm
950 1448 1058 1479 tom.
1095 1449 1134 1492 3.
1170 1433 1282 1481 Bibl.
1314 1437 1513 1483 oriental.
1543 1453 1666 1501 parte
1698 1453 1742 1490 2.
1776 1458 1874 1505 pag.
1908 1450 2023 1500 665.

40 1546 43 1548 μ
80 1507 193 1552 Sane
225 1501 279 1548 de
309 1499 535 1565 Apostolis
565 1516 608 1547 et
638 1499 890 1565 apostolicis
923 1502 1034 1547 viris
1065 1502 1152 1546 hoc
1185 1502 1443 1564 neutiquam
1471 1503 1740 1569 persuadent
1760 1526 2023 1570 argumenta

77 1567 288 1619 aduersus
312 1569 646 1632 Bocquillotum
667 1569 791 1615 allata
811 1568 863 1614 ab
887 1572 1128 1614 Honorato
1151 1567 1206 1614 de
1225 1572 1265 1615 S.
1287 1572 1453 1625 Maria,
1491 1574 1538 1619 in
1555 1571 1940 1624 obseruationibus
1961 1578 2021 1626 de

79 1638 247 1700 regulis¹
274 1652 317 1682 et
337 1633 417 1682 vsu
445 1638 618 1683 critices
657 1632 766 1682 tom.
789 1650 831 1686 2.
862 1635 938 1685 lib.
957 1652 1001 1700 4.
1027 1633 1189 1682 differt.
1214 1639 1261 1684 6.
1331 1638 1461 1685 Adde
1492 1643 1603 1688 Ioan.
1625 1645 1773 1708 Georg.
1802 1645 2024 1692 Walchium

78 1709 143 1753 H.
169 1707 217 1750 E.
241 1706 302 1748 N.
323 1707 380 1748 T.
403 1720 446 1766 p.
466 1720 571 1763 197.
595 1713 691 1764 7¹28
714 1719 756 1750 et
786 1721 798 1757 ,ι
820 1721 869 1770 [ς
888 1719 923 1751 ι.
996 1703 1202 1768 Ιο]ὲρΙαιιηι
1218 1705 1493 1769 Binghamum
1509 1710 1635 1770 Orig.
1649 1709 1871 1758 ecclesiast.
1887 1716 2024 1772 VL4.

80 1788 124 1821 et
144 1775 310 1819 Ioannis
327 1771 530 1818 Schmidiz·
549 1769 709 1820 differt.
732 1773 787 1817 de
809 1770 963 1817 habitu
988 1787 1030 1816 et
1051 1768 1297 1831 insignibus
1320 1773 1643 1838 Apostolorum
1663 1775 2021 1828 sacerdotalibuss.

79 1836 201 1903 Lips.
233 1854 369 1898 1702.
439 1837 682 1902 Apostolos
709 1835 871 1902 absque
893 1835 1023 1884 sacris
1048 1836 1241 1886 vestibus
1273 1843 1314 1890 S.
1339 1845 1537 1889 Coenam
1568 1843 1800 1892 celebrasse
1821 1863 1913 1893 non
1937 1843 2024 1893 dif-

78 1905 231 1954 fitetur
261 1903 450 1953 Beffario
484 1905 668 1970 epistola
701 1921 742 1965 3.
774 1907 827 1953 ad
857 1906 1295 1970 Philanthropenum
1326 1909 1380 1956 de
1412 1911 1697 1959 Eucharistia.
1801 1916 2024 1961 Monachi

81 1978 214 2023 etiam
245 1973 296 2019 ad
320 1970 637 2038 Episcopatum
666 1973 809 2022 eueffi
834 1974 1037 2021 habitum
1073 1976 1381 2024 monachalem
1413 1980 1671 2042 neutiquam
1704 1979 2021 2045 deposuerunt,

79 2042 205 2107 quod
225 2043 270 2086 in
291 2040 478 2086 Ecclesia
507 2059 660 2101 graeca
691 2050 742 2092 A.
773 2046 821 2093 C.
847 2050 955 2103 869.
991 2059 1161 2089 canone
1193 2043 1480 2092 constitutum
1514 2049 1687 2094 notauit
1712 2049 2022 2096 Mabillonius.

79 2115 151 2159 De
174 2110 504 2156 monachorum
528 2112 711 2172 antiquo
737 2110 891 2157 habitu
913 2110 1068 2157 videre
1093 2111 1196 2157 licet
1221 2115 1412 2160 Ioannem
1433 2115 1662 2173 Cqfflanum
1680 2115 1807 2162 libris
1827 2116 1882 2163 de
1901 2115 2023 2162 insti·-

79 2179 186 2226 tutis
217 2175 545 2224 coenobiorum
567 2210 580 2230 ,
631 2178 685 2224 cle
714 2174 843 2224 sacris
875 2177 1070 2225 vestibus
1107 2181 1348 2225 Honorium
1391 2182 1435 2226 in
1469 2198 1647 2242 gemma
1679 2185 1850 2231 animae
1877 2182 1951 2229 lib.
1983 2199 2020 2233 1.

81 2263 173 2311 cap.
204 2253 293 2300 198
318 2240 380 2306 sq.
406 2257 449 2290 et
478 2256 535 2290 ex·
556 2245 882 2292 recentioribus
914 2249 990 2309 qui
1021 2246 1292 2292 clericorum
1322 2245 1462 2292 vestes
1497 2262 1539 2293 et
1580 2256 1839 2297 ornamenta
1870 2250 2022 2297 omnis

80 2314 259 2377 generis
286 2328 369 2376 per
394 2313 536 2357 varias
570 2327 726 2370 aetates
758 2315 803 2359 in
833 2312 1035 2359 Ecclesiis
1060 2311 1364 2359 Orientalibus
1397 2328 1438 2359 et
1471 2317 1729 2362 Occidentis
1765 2313 2021 2365 introdusta

83 2395 343 2445 exponunt,
379 2380 592 2426 Andream
610 2377 841 2443 Sauffaeum
869 2384 915 2427 in
942 2379 1154 2445 panoplia
1173 2377 1430 2436 sacerdotali
1460 2379 1547 2428 siue
1578 2382 1701 2428 libris
1729 2387 1847 2429 XIV.
1872 2385 1926 2431 de
1944 2400 2022 2432 ve-

80 2449 281 2498 nerando
301 2448 588 2494 SacerdOtum
609 2446 764 2510 habitu
785 2464 1035 2512 eorumque
1056 2448 1297 2513 multiplici
1318 2465 1505 2495 munere
1526 2464 1568 2496 et
1589 2447 1738 2497 officio
1763 2452 1809 2497 in
1831 2450 2021 2501 Ecclesia

80 2519 193 2575 Dei,
230 2513 358 2562 Paris.
386 2520 523 2578 1653.
545 2512 623 2561 fol.
657 2529 699 2562 et
729 2517 773 2561 in
805 2515 931 2562 libris
957 2531 1001 2579 7.
1044 2515 1099 2562 de
1129 2530 1287 2563 ornatu
1313 2513 1640 2580 Episcoporum
1664 2521 1772 2564 etin
1794 2517 1920 2566 libris
1950 2534 2020 2579 ις.

82 2584 138 2632 de
169 2585 437 2633 clericorum
471 2579 651 2631 tonsura
679 2598 724 2630 et
755 2582 941 2638 habitu,
992 2582 1101 2698 {gig
1138 2588 1279 2649 1646.
1309 2581 1391 2631 fol.
1464 2587 1578 2634 Ioan.
1604 2586 1832 2652 Bapttstam
1869 2587 2021 2700 Zilqssers

1128 2666 1151 2712 3
1847 2674 1872 2687 κ
1915 2673 1926 2700 1
1963 2672 2017 2702 ro

83 2743 172 2843 1.Ιῖ
196 2741 256 2781 De
275 2739 349 2781 hoc
371 2739 469 2850 librgo
490 2741 587 2786 Elias
606 2740 657 2785 du
675 2742 743 2787 Pin
772 2750 867 2795 tom,
890 2751 955 2796 19.
985 2754 1073 2797 pag.
1094 2750 1149 2796 72
1165 2739 1223 2801 sq.
1292 2741 1508 2786 Nouvelles
1542 2740 1601 2802 tle·
1618 2741 1655 2802 lg
1685 2742 1924 2799 Republique
1953 2742 2020 2787 des

121 2806 155 2841 et
175 2809 231 2841 res
253 2806 367 2853 1705.
385 2812 423 2853 p.
469 2809 509 2840 0.
1475 2831 1481 2835 .
2015 2838 2016 2842 ,
