2263 3027
695 124 1016 182 SENATVS
1050 123 1416 177 ROMANVS.
1622 146 1626 147 ν
1928 142 2025 190 707

90 254 300 319 tabrigiae
329 268 467 318 1750.
492 251 534 312 8}
563 253 721 305 editus,
751 258 762 283 “-
793 245 1115 300 obseruations
1138 254 1179 280 ¹2
1204 266 1265 298 on
1292 264 1340 298 ·1.
1369 248 1447 297 the
1474 244 1669 297 Answer
1695 245 1755 295 of
1777 250 1843 298 M.
1865 246 2050 296 l'Abbe

87 323 146 373 de
166 329 328 372 Vertot
348 339 395 371 to
418 324 494 371 the
515 323 601 370 late
620 317 1001 383 Carl·Stanhopc's
1023 319 1230 381 Enquiry
1266 318 1545 380 concerning
1569 317 1646 364 the
1676 320 1838 364 Senate'
1864 313 1923 364 of
1951 333 2026 364 an-

86 394 201 440 tient
222 395 391 447 Rome,
429 391 557 439 dated
575 387 830 443 December
858 402 996 448 1719.
1042 400 1092 437 ·2.
1115 403 1137 431 a
1166 383 1453 433 Dissertation
1478 402 1604 450 upon
1624 385 1702 432 the
1723 383 2027 432 Constitution

88 457 147 506 of
160 461 237 507 the
265 463 441 507 Roman
470 453 624 505 Senate
650 456 716 520 by
734 473 757 502 a
777 456 1050 502 Gentleman
1083 449 1316 517 publil‘hed
1342 457 1385 500 in
1416 469 1554 514 1743.
1627 470 1668 516 3.
1700 458 1739 500 A
1769 448 1944 513 treatise
1976 447 2037 504 of

88 528 167 574 the
195 531 371 576 Roman
391 530 545 577 senate
563 525 638 588 :by
659 527 867 586 Conyers
899 521 1155 569 Middleton
1180 520 1413 585 published
1437 523 1483 568 in
1522 536 1664 584 1747.
1736 536 1784 584 4.
1808 527 1881 568 An
1900 516 2031 583 Essay

91 611 152 641 on
183 596 465 647 the,Roman
492 584 646 640 senate
674 589 738 655 by
779 595 833 637 D.
859 591 1069 636 Thomas
1109 587 1340 652 Chapman
1381 588 1614 654 publiihed
1654 590 1699 635 in
1748 602 1891 650 1750.
1960 589 2029 650 By

90 664 159 707 M.
187 662 366 709 Hooke.
389 661 585 708 Londini
612 668 749 719 ¹758-
771 675 818 715 4.
840 690 842 692 ψ
887 654 1158 721 Dionysium
1183 657 1397 704 Hookius
1420 654 1686 721 scriptorem
1714 654 1799 703 effe
1818 653 2031 720 perhibet

90 728 213 776 nulla
238 728 324 779 fide
343 727 558 791 dignum:
597 728 665 773 ius
687 729 810 773 enim
836 725 1015 772 creandi
1043 722 1215 771 senatus
1238 725 1450 788 primitus
1483 724 1602 770 hand
1623 736 1762 789 penes
1791 722 2033 788 populum,
2064 766 2067 769 ,

91 793 164 842 sed
186 813 326 860 penes
345 793 485 858 Reges
506 791 664 854 fuisse2
693 795 864 859 quippe
885 795 964 858 qui
983 790 1182 839 senarum
1203 791 1405 853 legerint.
1484 796 1630 855 Qam
1654 792 1835 838 Hookii
1863 788 2036 836 senten-

92 866 200 909 tiam
228 861 305 911 sub
327 876 513 911 examen
545 865 725 908 vocauit
746 867 1017 924 Anonymus
1040 861 1161 907 edito
1190 860 1332 906 hocce
1355 859 1532 906 libello:
1574 864 1614 906 A
1635 859 1757 905 short
1781 859 1966 906 Revicw
1990 861 2032 897 ¹3

95 928 155 976 of
175 935 265 977 Mr.
289 928 488 979 Hooke's
520 927 839 977 Obseruations
869 930 1147 989 concerning
1176 926 1253 974 the
1285 931 1460 973 Roman
1492 930 1672 982 Sena-te,
1709 925 1796 972 and
1829 924 1906 971 the
1924 925 2037 971 Cha-

93 995 237 1049 raRer
259 997 316 1045 of
327 996 571 1061 Dionysius
595 994 653 1043 of
666 994 1006 1044 Halicarnasius.
1028 995 1232 1044 Londini
1268 1001 1406 1054 1758.
1433 1002 1523 1049 8..er
1542 995 1611 1040 De
1641 991 1859 1039 relatione
1882 1007 1923 1038 et
1944 988 2038 1037 sen-

93 1068 231 1112 tentia
262 1068 493 1112 irrSenatu
518 1064 704 1112 dicenda
735 1063 936 1111 consules
957 1064 1265 1112 Alexandrum
1294 1061 1346 1108 ab
1372 1061 1496 1109 Alex,
1519 1061 1597 1108 IV.
1626 1074 1697 1108 11.
1772 1061 1894 1106 Ioan.
1917 1057 2040 1105 Frid.

93 1135 384 1180 Gronouium
415 1133 492 1180 lib'.
523 1149 560 1180 1.
594 1130 974 1181 Obseruationum
1005 1147 1100 1197 cap.
1135 1144 1217 1182 22.
1249 1144 1293 1178 et
1328 1127 1570 1177 Offiauium
1601 1125 1862 1185 Ferrarium
1891 1124 1969 1173 lib.
2000 1139 2040 1174 1.

93 1199 341 1247 eleetorur'n
377 1216 468 1267 cap.
503 1213 573 1250 ιο.
643 1201 756 1248 Aliis
787 1216 947 1247 manus
985 1195 1350 1265 porrigentibus,
1388 1198 1483 1244 aliis
1512 1193 1705 1261 pedibus
1730 1197 1775 1241 in
1805 1190 2043 1242 sententias

95 1268 326 1323 euntibus,
360 1269 588 1332 plerisque
607 1267 749 1315 verbo
781 1265 1188 1322 consentientibus,
1226 1266 1460 1313 conditum
1483 1263 1544 1311 est
1568 1265 1750 1310 Senatus
1776 1260 2044 1310 consultum.

94 1333 316 1397 Vopiscus
337 1335 583 1381 Aureliano
617 1352 710 1397 cap.
734 1349 809 1382 20.
878 1333 1051 1381 Confer
1082 1336 1375 1380 Laurentium
1414 1331 1587 1378 Vallam
1620 1329 1738 1376 libro
1774 1333 1855 1378 IV.
1888 1343 2045 1376 contra

97 1401 294 1447 Barthol.
313 1403 496 1446 Facium
515 1417 615 1465 pag.
638 1413 749 1460 710.
783 1397 863 1445 vbi
885 1398 1206 1447 illustrat‘illud
1230 1396 1500 1460 Quintiliani
1531 1399 1576 1443 in
1600 1395 1845 1444 Declamat.
1869 1393 2045 1463 pedibus

98 1465 288 1514 manibus
305 1470 459 1514 inimus
476 1468 789 1529 inest-utentium
805 1464 1074 1527 necqffz‘tatis,
1111 1481 1153 1513 et
1183 1467 1288 1513 Chr.
1311 1464 1454 1512 Gottl.
1490 1464 1791 1511 Schwarzium
1823 1462 1878 1511 ad
1908 1462 2046 1510 Plinii

99 1535 428 1598 Panegyricum
458 1549 558 1600 pag.
584 1542 690 1596 376.-
762 1534 1012 1581 Numerata
1042 1531 1272 1596 suffragia‘
1311 1548 1404 1579 non
1434 1533 1706 1597 ponderata,
1743 1533 1803 1578 ita
1828 1546 1880 1578 vt
1899 1532 2046 1577 maior

95 1616 198 1665 pars
216 1604 263 1665 in
284 1598 513 1649 sententiis
535 1601 715 1648 valeret.
784 1599 960 1647 Confer
980 1604 1179 1647 Iureturn
1202 1599 1255 1647 ad
1277 1601 1538 1662 Symmachi
1567 1600 1627 1646 ΙΙ.
1651 1602 1733 1662 Ep.
1761 1607 1835 1659 36.
1896 1600 2048 1645 Licuit

93 1664 373 1723 senatoribus
396 1670 548 1731 egredi
581 1668 844 1715 relationem
873 1665 1080 1715 Consulis
1113 1663 1633 1728 sententiamrogantis,
1670 1681 1713 1712 et
1740 1667 1866 1728 quod
1897 1663 2049 1712 visum

55 1733 60 1736 ”
98 1732 202 1782 effet
225 1736 326 1781 loco
353 1733 598 1785 ‚sententiae
617 1733 842 1798 proferre.
915 1736 1032 1782 Vide
1057 1736 1178 1783 Ioan.
1202 1735 1322 1780 Frid.
1346 1735 1640 1781 Gronouium
1662 1730 1947 1782 Obseruat.1.
1967 1745 2046 1784 22.

97 1817 195 1867 pag.
226 1816 312 1864 173
338 1798 427 1866 sq.'
475 1807 546 1849 De
577 1807 760 1849 Senatus
796 1800 998 1850 consulto
1021 1808 1111 1868 per
1137 1796 1440 1849 discessionem
1483 1795 1604 1848 fagio
1642 1798 1830 1846 Fuluius
1860 1799 2047 1846 Vrsinus

97 1886 197 1933 pag.
227 1875 331 1928 1‘57.
352 1866 406 1917 ad
426 1869 653 1918 Caesarem
675 1867 775 1934 post
805 1867 1055 1933 fragmenta
1077 1869 1431 1918 Historicorum.
1506 1871 1577 1915 De
1596 1870 1710 1915 SCto
1738 1869 1872 1914 tacito
1896 1862 2049 1914 Casan—

98 1937 248 1983 bonus
267 1937 321 1984 ad
343 1939 589 2003 Capitolini
611 1936 870 1985 Gordianos
896 1956 931 1985 c.
963 1954 1034 1990 12.
1063 1954 1105 1985 et
1133 1939 1241 1986 Ern.
1264 1939 1449 1984 Martin.
1471 1935 1749 1997 Chladenius·
1765 1934 1934 1982 duabus
1970 1930 2052 1981 dis-

98 2003 410 2052 sertationibus
432 2005 615 2067 Witteb.
645 2022 660 2052 i
675 2006 947 2066 7432editis.
1017 2011 1086 2053 De
1107 2006 1161 2052 iis
1193 2020 1304 2071 quae
1325 2006 1575 2052 Senatus-in
1598 2005 1820 2066 religione
1841 2001 2056 2051 decerne·

100 2086 194 2124 ret,
231 2071 306 2124 vel
332 2071 386 2116 ad
404 2072 642 2120 Pontifices
661 2075 887 2127 reficeret,
924 2075 1030 2121 vide
1051 2076 1133 2123 Iac.
1156 2074 1432 2135 Gutheriurn
1454 2072 1532 2120 lib.
1562 2087 1599 2122 t.
1623 2072 1678 2120 de
1698 2067 2046 2119 iurePontificio

101 2155 197 2202 cap.
227 2153 282 2202 33
305 2132 364 2200 sq.
388 2152 515 2185 tomo
538 2143 594 2188 V.
619 2137 810 2186 thesauri
830 2144 1084 2189 Graeuiani.
1161 2142 1232 2188 De
1254 2139 1385 2188 censu
1409 2139 1657 2194 senatorio,
1689 2140 1765 2202 qui
1788 2141 1942 2204 primo
1963 2137 2051 2185 fuit

103 2204 471 2267 offingentorum
495 2206 700 2252 millium*
712 2209 803 2254 HS.
825 2209 986 2267 deinde
1011 2210 1062 2267 ab
1079 2208 1278 2270 Augusto
1302 2206 1504 2255 red-aestus
1527 2206 1580 2252 ad
1604 2207 1928 2270 quadringenta
1952 2204 2051 2251 mil-

102 2273 180 2327 lia,
216 2288 313 2318 tum
335 2273 389 2318 ad
427 2273 571 2319 decies
591 2272 752 2327 millia,
789 2272 982 2340 denique
1012 2279 1066 2324 ad
1096 2277 1336 2322 duodecies
1368 2272 1537 2327 millia,
1572 2272 1678 2320 vide
1710 2275 1795 2320 Iac.
1825 2273 2052 2320 Perizonii

105 2337 310 2387 dissertat.
344 2338 399 2386 de
430 2340 527 2401 lege
550 2342 777 2395 Voconia,
812 2358 856 2389 et
880 2347 1131 2399 Graeuium
1152 2342 1205 2388 ad
1228 2343 1494 2389 Suetonium
1515 2355 1615 2405 pag.
1635 2354 1747 2403 791.
1820 2341 1891 2385 De
1912 2353 2052 2387 aetate

103 2404 321 2459 senatoria
349 2407 456 2453 vide
480 2424 601 2471 jquae
628 2408 728 2454 Viri
765 2408 889 2457 deffi
919 2412 972 2458 ad
1003 2410 1207 2459 Gellium
1244 2409 1364 2457 XIV,
1396 2419 1436 2460 8.
1509 2411 1694 2455 Senator
1713 2404 1802 2453 fine
1821 2407 2051 2454 Dominus

107 2474 231 2521 vrbis
255 2491 415 2536 magna
436 2472 524 2521 fuit
549 2475 740 2536 dignitas
769 2480 920 2524 medio
944 2494 1069 2526 aeuo.
1138 2477 1256 2524 Vide
1278 2474 1554 2524 Mart-eninm
1578 2478 1636 2521 T.
1660 2486 1702 2524 2.
1725 2475 2050 2521 anecdotorum

105 2539 282 2606 paffim,
318 2558 361 2590 et
386 2541 567 2592 Christi.
594 2542 715 2590 Guil.
737 2543 893 2593 Franc.
923 2546 1116 2601 Walc'nii
1145 2559 1309 2593 comm.
1340 2545 1394 2590 de
1424 2546 1634 2589 Senatore
1666 2543 1874 2588 Romano
1910 2543 2051 2590 medii

109 2611 228 2670 aeui,
265 2613 395 2658 Ienae
425 2624 563 2672 1753.
594 2626 641 2673 4.
673 2609 854 2659 editam.
925 2614 996 2675 De
1023 2615 1254 2669 Patiens,
1290 2610 1574 2676 conscriptis,
1612 2605 1753 2660 ascitis
1773 2606 2051 2660 senatoribus

495 2718 498 2719 ν
1099 2710 1105 2712 >
1726 2685 1731 2689 ⁵
1938 2692 2045 2726 cons·

166 2758 202 2779 ¹²
224 2752 415 2812 M'onthly
436 2757 587 2813 Review
604 2757 694 2798 Vol.
717 2755 825 2799 XIX.
848 2771 938 2813 pag.
962 2764 1055 2811 187,
1138 2770 1141 2773 “

169 2812 202 2842 ¹³
222 2811 409 2866 Monthly
431 2815 582 2857 Review
606 2814 699 2860 Vol.
725 2813 811 2858 eod.
838 2827 927 2870 pag.
951 2827 1045 2869 310,
