<?xml version="1.0" encoding="UTF-8"?>
<!DOCTYPE html PUBLIC "-//W3C//DTD XHTML 1.0 Transitional//EN"
    "http://www.w3.org/TR/xhtml1/DTD/xhtml1-transitional.dtd">
<html xmlns="http://www.w3.org/1999/xhtml" xml:lang="en" lang="en">
 <head>
  <title>
</title>
<meta http-equiv="Content-Type" content="text/html;charset=utf-8" />
  <meta name='ocr-system' content='tesseract 3.04.00' />
  <meta name='ocr-capabilities' content='ocr_page ocr_carea ocr_par ocr_line ocrx_word'/>
</head>
<body>
  <div class='ocr_page' id='page_1' title='image "./ioalbertifabrici00fabr/ioalbertifabrici00fabr_0811.png"; bbox 0 0 2263 3027; ppageno 0'>
   <div class='ocr_carea' id='block_1_1' title="bbox 725 79 2032 171">
    <p class='ocr_par' dir='ltr' id='par_1_1' title="bbox 725 79 2032 171">
     <span class='ocr_line' id='line_1_1' title="bbox 725 79 2032 171; baseline 0.015 -30"><span class='ocrx_word' id='word_1_1' title='bbox 725 87 916 142; x_wconf 86' lang='lat' dir='ltr'>NVMI</span> <span class='ocrx_word' id='word_1_2' title='bbox 949 89 1026 141; x_wconf 87' lang='lat' dir='ltr'>SA</span> <span class='ocrx_word' id='word_1_3' title='bbox 1036 79 1411 149; x_wconf 52' lang='lat' dir='ltr'>MARlTsANI.</span> <span class='ocrx_word' id='word_1_4' title='bbox 1938 104 2032 171; x_wconf 81' lang='lat'>791</span> 
     </span>
    </p>
   </div>
   <div class='ocr_carea' id='block_1_2' title="bbox 106 211 2039 282">
    <p class='ocr_par' dir='ltr' id='par_1_2' title="bbox 106 211 2039 282">
     <span class='ocr_line' id='line_1_2' title="bbox 106 211 2039 282; baseline 0.008 -21"><span class='ocrx_word' id='word_1_5' title='bbox 106 211 281 282; x_wconf 60' lang='lat' dir='ltr'>admit)</span> <span class='ocrx_word' id='word_1_6' title='bbox 302 230 402 277; x_wconf 84' lang='lat' dir='ltr'>pag.</span> <span class='ocrx_word' id='word_1_7' title='bbox 429 231 452 270; x_wconf 87' lang='lat'>9</span> <span class='ocrx_word' id='word_1_8' title='bbox 463 228 488 272; x_wconf 82' lang='grc'><em>5</em></span> <span class='ocrx_word' id='word_1_9' title='bbox 511 212 604 279; x_wconf 89' lang='lat' dir='ltr'>sqq.</span> <span class='ocrx_word' id='word_1_10' title='bbox 681 219 864 262; x_wconf 88' lang='lat' dir='ltr'>Numos</span> <span class='ocrx_word' id='word_1_11' title='bbox 888 215 1180 278; x_wconf 79' lang='lat' dir='ltr'><em>samaritanos</em></span> <span class='ocrx_word' id='word_1_12' title='bbox 1203 218 1385 267; x_wconf 83' lang='lat' dir='ltr'><strong>exhibet</strong></span> <span class='ocrx_word' id='word_1_13' title='bbox 1414 221 1536 269; x_wconf 87' lang='lat' dir='ltr'>idem</span> <span class='ocrx_word' id='word_1_14' title='bbox 1567 223 1807 274; x_wconf 89' lang='lat' dir='ltr'>Kircherus</span> <span class='ocrx_word' id='word_1_15' title='bbox 1836 242 1964 276; x_wconf 88' lang='lat' dir='ltr'>tomo</span> <span class='ocrx_word' id='word_1_16' title='bbox 1996 247 2039 280; x_wconf 89' lang='lat'>2.</span> 
     </span>
    </p>
   </div>
   <div class='ocr_carea' id='block_1_3' title="bbox 107 281 2040 430">
    <p class='ocr_par' dir='ltr' id='par_1_3' title="bbox 107 281 2040 430">
     <span class='ocr_line' id='line_1_3' title="bbox 107 281 2040 362; baseline 0.009 -35"><span class='ocrx_word' id='word_1_17' title='bbox 107 282 276 346; x_wconf 85' lang='lat' dir='ltr'>Oedipi</span> <span class='ocrx_word' id='word_1_18' title='bbox 299 297 424 346; x_wconf 88' lang='lat' dir='ltr'>parte</span> <span class='ocrx_word' id='word_1_19' title='bbox 456 298 487 327; x_wconf 85' lang='grc' dir='ltr'>ι.</span> <span class='ocrx_word' id='word_1_20' title='bbox 510 299 606 347; x_wconf 77' lang='lat' dir='ltr'>pag.</span> <span class='ocrx_word' id='word_1_21' title='bbox 621 291 688 339; x_wconf 77' lang='grc'>88</span> <span class='ocrx_word' id='word_1_22' title='bbox 702 281 762 347; x_wconf 86' lang='lat' dir='ltr'>sq.</span> <span class='ocrx_word' id='word_1_23' title='bbox 785 298 828 329; x_wconf 90' lang='lat' dir='ltr'>et</span> <span class='ocrx_word' id='word_1_24' title='bbox 860 299 948 329; x_wconf 81' lang='lat'>100</span> <span class='ocrx_word' id='word_1_25' title='bbox 970 281 1031 346; x_wconf 90' lang='lat' dir='ltr'>sq.</span> <span class='ocrx_word' id='word_1_26' title='bbox 1108 285 1415 351; x_wconf 87' lang='lat' dir='ltr'>Villalpandus</span> <span class='ocrx_word' id='word_1_27' title='bbox 1437 292 1483 336; x_wconf 90' lang='lat' dir='ltr'>in</span> <span class='ocrx_word' id='word_1_28' title='bbox 1498 308 1718 356; x_wconf 84' lang='lat' dir='ltr'>apparatu</span> <span class='ocrx_word' id='word_1_29' title='bbox 1741 296 1795 342; x_wconf 88' lang='lat' dir='ltr'>ad</span> <span class='ocrx_word' id='word_1_30' title='bbox 1814 298 2040 362; x_wconf 89' lang='lat' dir='ltr'>templum</span> 
     </span>
     <span class='ocr_line' id='line_1_4' title="bbox 107 349 2039 430; baseline 0.01 -36"><span class='ocrx_word' id='word_1_31' title='bbox 107 351 379 403; x_wconf 83' lang='lat' dir='ltr'>Ezechielis,</span> <span class='ocrx_word' id='word_1_32' title='bbox 419 353 539 396; x_wconf 84' lang='lat' dir='ltr'>Ioan.</span> <span class='ocrx_word' id='word_1_33' title='bbox 565 353 776 397; x_wconf 82' lang='lat' dir='ltr'>Morinus</span> <span class='ocrx_word' id='word_1_34' title='bbox 796 352 1114 398; x_wconf 80' lang='lat' dir='ltr'>exercitatione</span> <span class='ocrx_word' id='word_1_35' title='bbox 1140 349 1326 402; x_wconf 87' lang='lat' dir='ltr'>secunda</span> <span class='ocrx_word' id='word_1_36' title='bbox 1348 354 1603 406; x_wconf 81' lang='lat' dir='ltr'>samaritana</span> <span class='ocrx_word' id='word_1_37' title='bbox 1632 378 1724 426; x_wconf 84' lang='lat' dir='ltr'>cap.</span> <span class='ocrx_word' id='word_1_38' title='bbox 1754 381 1823 413; x_wconf 83' lang='lat'>10.</span> <span class='ocrx_word' id='word_1_39' title='bbox 1860 410 1862 414; x_wconf 72' lang='grc'><strong>,</strong></span> <span class='ocrx_word' id='word_1_40' title='bbox 1885 367 2039 430; x_wconf 80' lang='lat' dir='ltr'>Steph-</span> 
     </span>
    </p>
   </div>
   <div class='ocr_carea' id='block_1_4' title="bbox 11 417 2040 2841">
    <p class='ocr_par' dir='ltr' id='par_1_4' title="bbox 11 417 2040 2584">
     <span class='ocr_line' id='line_1_5' title="bbox 107 417 2039 483; baseline 0.01 -21"><span class='ocrx_word' id='word_1_41' title='bbox 107 420 319 463; x_wconf 86' lang='lat' dir='ltr'>Morinus</span> <span class='ocrx_word' id='word_1_42' title='bbox 342 419 388 463; x_wconf 89' lang='lat' dir='ltr'>in</span> <span class='ocrx_word' id='word_1_43' title='bbox 410 417 800 464; x_wconf 81' lang='lat' dir='ltr'>exercitationibus</span> <span class='ocrx_word' id='word_1_44' title='bbox 824 419 878 465; x_wconf 89' lang='lat' dir='ltr'>de</span> <span class='ocrx_word' id='word_1_45' title='bbox 908 419 1057 480; x_wconf 83' lang='lat' dir='ltr'>lingua</span> <span class='ocrx_word' id='word_1_46' title='bbox 1076 422 1318 483; x_wconf 83' lang='lat' dir='ltr'>primaeua.</span> <span class='ocrx_word' id='word_1_47' title='bbox 1391 428 1446 473; x_wconf 89' lang='lat' dir='ltr'>D.</span> <span class='ocrx_word' id='word_1_48' title='bbox 1469 427 1564 476; x_wconf 77' lang='lat' dir='ltr'>Val.</span> <span class='ocrx_word' id='word_1_49' title='bbox 1592 429 1801 477; x_wconf 88' lang='lat' dir='ltr'>Ernestus</span> <span class='ocrx_word' id='word_1_50' title='bbox 1821 431 2039 481; x_wconf 86' lang='lat' dir='ltr'>Loesche-</span> 
     </span>
     <span class='ocr_line' id='line_1_6' title="bbox 104 482 2038 549; baseline 0.01 -20"><span class='ocrx_word' id='word_1_51' title='bbox 104 502 180 530; x_wconf 88' lang='lat' dir='ltr'>rus</span> <span class='ocrx_word' id='word_1_52' title='bbox 203 485 257 531; x_wconf 88' lang='lat' dir='ltr'>de</span> <span class='ocrx_word' id='word_1_53' title='bbox 280 484 411 532; x_wconf 81' lang='lat' dir='ltr'>causis</span> <span class='ocrx_word' id='word_1_54' title='bbox 438 482 540 532; x_wconf 77' lang='lat' dir='ltr'>Ebr.</span> <span class='ocrx_word' id='word_1_55' title='bbox 563 487 738 546; x_wconf 80' lang='lat' dir='ltr'>linguae</span> <span class='ocrx_word' id='word_1_56' title='bbox 772 503 870 549; x_wconf 80' lang='lat' dir='ltr'>pag.</span> <span class='ocrx_word' id='word_1_57' title='bbox 900 502 1004 535; x_wconf 82' lang='lat'>201.</span> <span class='ocrx_word' id='word_1_58' title='bbox 1079 488 1194 533; x_wconf 85' lang='lat' dir='ltr'>Vide</span> <span class='ocrx_word' id='word_1_59' title='bbox 1215 492 1347 538; x_wconf 89' lang='lat' dir='ltr'>etiam</span> <span class='ocrx_word' id='word_1_60' title='bbox 1378 491 1430 538; x_wconf 85' lang='lat' dir='ltr'>fis</span> <span class='ocrx_word' id='word_1_61' title='bbox 1452 496 1653 541; x_wconf 86' lang='lat' dir='ltr'>Cornelii</span> <span class='ocrx_word' id='word_1_62' title='bbox 1672 499 1888 547; x_wconf 86' lang='lat' dir='ltr'>Dieterici</span> <span class='ocrx_word' id='word_1_63' title='bbox 1911 502 2038 548; x_wconf 90' lang='lat' dir='ltr'>Koch</span> 
     </span>
     <span class='ocr_line' id='line_1_7' title="bbox 103 550 2040 623; baseline 0.009 -26"><span class='ocrx_word' id='word_1_64' title='bbox 103 550 451 601; x_wconf 77' lang='lat' dir='ltr'>differt-ationem</span> <span class='ocrx_word' id='word_1_65' title='bbox 474 555 793 600; x_wconf 55' lang='lat' dir='ltr'>de‘numorum</span> <span class='ocrx_word' id='word_1_66' title='bbox 815 554 1148 601; x_wconf 85' lang='lat' dir='ltr'>Hebraicorum</span> <span class='ocrx_word' id='word_1_67' title='bbox 1169 555 1533 622; x_wconf 81' lang='lat' dir='ltr'>inscriptionibus</span> <span class='ocrx_word' id='word_1_68' title='bbox 1554 560 1846 623; x_wconf 79' lang='lat' dir='ltr'>samaritanis,</span> <span class='ocrx_word' id='word_1_69' title='bbox 1881 570 2040 616; x_wconf 89' lang='lat' dir='ltr'>Helm-</span> 
     </span>
     <span class='ocr_line' id='line_1_8' title="bbox 104 620 2038 700; baseline 0.009 -34"><span class='ocrx_word' id='word_1_70' title='bbox 104 620 230 667; x_wconf 82' lang='lat' dir='ltr'>stadii</span> <span class='ocrx_word' id='word_1_71' title='bbox 257 623 419 668; x_wconf 88' lang='lat' dir='ltr'>editam</span> <span class='ocrx_word' id='word_1_72' title='bbox 450 629 500 668; x_wconf 91' lang='lat' dir='ltr'>A.</span> <span class='ocrx_word' id='word_1_73' title='bbox 534 635 667 681; x_wconf 80' lang='lat'>¹712.</span> <span class='ocrx_word' id='word_1_74' title='bbox 741 626 862 667; x_wconf 91' lang='lat' dir='ltr'>Ioan.</span> <span class='ocrx_word' id='word_1_75' title='bbox 894 624 1182 670; x_wconf 89' lang='lat' dir='ltr'>Harduinum</span> <span class='ocrx_word' id='word_1_76' title='bbox 1214 627 1273 675; x_wconf 73' lang='lat' dir='ltr'>ad,</span> <span class='ocrx_word' id='word_1_77' title='bbox 1297 628 1491 674; x_wconf 84' lang='lat' dir='ltr'>Plinium</span> <span class='ocrx_word' id='word_1_78' title='bbox 1522 645 1629 678; x_wconf 90' lang='lat' dir='ltr'>tom.</span> <span class='ocrx_word' id='word_1_79' title='bbox 1662 649 1698 681; x_wconf 86' lang='lat'>1.</span> <span class='ocrx_word' id='word_1_80' title='bbox 1729 651 1826 699; x_wconf 83' lang='lat' dir='ltr'>pag.</span> <span class='ocrx_word' id='word_1_81' title='bbox 1851 650 1951 696; x_wconf 83' lang='lat'>432</span> <span class='ocrx_word' id='word_1_82' title='bbox 1975 634 2038 700; x_wconf 86' lang='lat' dir='ltr'>sq.</span> 
     </span>
     <span class='ocr_line' id='line_1_9' title="bbox 105 686 2039 754; baseline 0.009 -19"><span class='ocrx_word' id='word_1_83' title='bbox 105 690 208 735; x_wconf 81' lang='lat' dir='ltr'>edit.</span> <span class='ocrx_word' id='word_1_84' title='bbox 230 691 277 735; x_wconf 85' lang='lat' dir='ltr'>in</span> <span class='ocrx_word' id='word_1_85' title='bbox 297 687 375 736; x_wconf 87' lang='lat' dir='ltr'>fol.</span> <span class='ocrx_word' id='word_1_86' title='bbox 443 686 652 734; x_wconf 84' lang='lat' dir='ltr'>Eiusdem</span> <span class='ocrx_word' id='word_1_87' title='bbox 675 690 901 735; x_wconf 86' lang='lat' dir='ltr'>Harduini</span> <span class='ocrx_word' id='word_1_88' title='bbox 924 689 1154 754; x_wconf 87' lang='lat' dir='ltr'>epistolam</span> <span class='ocrx_word' id='word_1_89' title='bbox 1179 693 1233 739; x_wconf 91' lang='lat' dir='ltr'>de</span> <span class='ocrx_word' id='word_1_90' title='bbox 1254 693 1394 741; x_wconf 84' lang='lat' dir='ltr'>tribus</span> <span class='ocrx_word' id='word_1_91' title='bbox 1405 698 1627 745; x_wconf 82' lang='lat' dir='ltr'>Toinardi</span> <span class='ocrx_word' id='word_1_92' title='bbox 1647 704 1796 748; x_wconf 86' lang='lat' dir='ltr'>numis</span> <span class='ocrx_word' id='word_1_93' title='bbox 1820 699 2039 750; x_wconf 74' lang='lat' dir='ltr'>samarita-</span> 
     </span>
     <span class='ocr_line' id='line_1_10' title="bbox 104 757 2036 836; baseline 0.009 -35"><span class='ocrx_word' id='word_1_94' title='bbox 104 758 196 811; x_wconf 75' lang='lat' dir='ltr'>nis,</span> <span class='ocrx_word' id='word_1_95' title='bbox 233 758 351 822; x_wconf 84' lang='lat' dir='ltr'>apud</span> <span class='ocrx_word' id='word_1_96' title='bbox 372 761 404 804; x_wconf 91' lang='grc' dir='ltr'>Ι.</span> <span class='ocrx_word' id='word_1_97' title='bbox 428 757 651 804; x_wconf 87' lang='lat' dir='ltr'>Clericum</span> <span class='ocrx_word' id='word_1_98' title='bbox 674 773 801 803; x_wconf 88' lang='lat' dir='ltr'>tomo</span> <span class='ocrx_word' id='word_1_99' title='bbox 830 775 904 806; x_wconf 83' lang='lat'>21.</span> <span class='ocrx_word' id='word_1_100' title='bbox 934 758 1235 807; x_wconf 83' lang='lat' dir='ltr'>bibliothecae</span> <span class='ocrx_word' id='word_1_101' title='bbox 1264 761 1525 810; x_wconf 82' lang='lat' dir='ltr'>vniuersalis</span> <span class='ocrx_word' id='word_1_102' title='bbox 1557 783 1682 830; x_wconf 89' lang='lat' dir='ltr'>parte</span> <span class='ocrx_word' id='word_1_103' title='bbox 1705 782 1750 820; x_wconf 89' lang='lat'>2.</span> <span class='ocrx_word' id='word_1_104' title='bbox 1786 787 1830 834; x_wconf 88' lang='lat' dir='ltr'>p.</span> <span class='ocrx_word' id='word_1_105' title='bbox 1863 788 1943 830; x_wconf 86' lang='lat'>¹3¹</span> <span class='ocrx_word' id='word_1_106' title='bbox 1974 769 2036 836; x_wconf 82' lang='lat' dir='ltr'>sq.</span> 
     </span>
     <span class='ocr_line' id='line_1_11' title="bbox 103 821 2035 904; baseline 0.008 -33"><span class='ocrx_word' id='word_1_107' title='bbox 103 821 362 886; x_wconf 82' lang='lat' dir='ltr'>Basnagium</span> <span class='ocrx_word' id='word_1_108' title='bbox 391 825 701 871; x_wconf 81' lang='lat' dir='ltr'>Bellouallium</span> <span class='ocrx_word' id='word_1_109' title='bbox 734 824 830 871; x_wconf 88' lang='lat' dir='ltr'>hist.</span> <span class='ocrx_word' id='word_1_110' title='bbox 861 842 1054 890; x_wconf 86' lang='lat' dir='ltr'>operum</span> <span class='ocrx_word' id='word_1_111' title='bbox 1089 829 1371 875; x_wconf 86' lang='lat' dir='ltr'>eruditorum</span> <span class='ocrx_word' id='word_1_112' title='bbox 1401 831 1530 878; x_wconf 88' lang='lat' dir='ltr'>Febr.</span> <span class='ocrx_word' id='word_1_113' title='bbox 1560 839 1699 892; x_wconf 87' lang='lat'>1692.</span> <span class='ocrx_word' id='word_1_114' title='bbox 1727 854 1825 901; x_wconf 85' lang='lat' dir='ltr'>pag.</span> <span class='ocrx_word' id='word_1_115' title='bbox 1856 837 2035 904; x_wconf 34' lang='lat' dir='ltr'>269fsq.</span> 
     </span>
     <span class='ocr_line' id='line_1_12' title="bbox 101 891 2037 954; baseline 0.009 -17"><span class='ocrx_word' id='word_1_116' title='bbox 101 895 184 938; x_wconf 78' lang='lat' dir='ltr'>Iac.</span> <span class='ocrx_word' id='word_1_117' title='bbox 216 891 412 954; x_wconf 80' lang='lat' dir='ltr'>Basnagii</span> <span class='ocrx_word' id='word_1_118' title='bbox 441 891 786 939; x_wconf 72' lang='lat' dir='ltr'>dissertationem</span> <span class='ocrx_word' id='word_1_119' title='bbox 810 893 865 939; x_wconf 86' lang='lat' dir='ltr'>de</span> <span class='ocrx_word' id='word_1_120' title='bbox 885 896 1035 940; x_wconf 89' lang='lat' dir='ltr'>numis</span> <span class='ocrx_word' id='word_1_121' title='bbox 1057 909 1100 941; x_wconf 90' lang='lat' dir='ltr'>et</span> <span class='ocrx_word' id='word_1_122' title='bbox 1131 895 1457 945; x_wconf 59' lang='lat' dir='ltr'>charaffieribus</span> <span class='ocrx_word' id='word_1_123' title='bbox 1488 897 1759 950; x_wconf 79' lang='lat' dir='ltr'>samaritanis</span> <span class='ocrx_word' id='word_1_124' title='bbox 1786 920 1830 951; x_wconf 90' lang='lat' dir='ltr'>et</span> <span class='ocrx_word' id='word_1_125' title='bbox 1856 922 2037 954; x_wconf 88' lang='lat' dir='ltr'>moneta</span> 
     </span>
     <span class='ocr_line' id='line_1_13' title="bbox 100 960 2037 1033; baseline 0.008 -29"><span class='ocrx_word' id='word_1_126' title='bbox 100 963 244 1005; x_wconf 81' lang='lat' dir='ltr'>veteri</span> <span class='ocrx_word' id='word_1_127' title='bbox 270 961 532 1007; x_wconf 86' lang='lat' dir='ltr'>ludaeorum</span> <span class='ocrx_word' id='word_1_128' title='bbox 556 962 601 1007; x_wconf 88' lang='lat' dir='ltr'>in</span> <span class='ocrx_word' id='word_1_129' title='bbox 623 961 777 1007; x_wconf 83' lang='lat' dir='ltr'>eadem</span> <span class='ocrx_word' id='word_1_130' title='bbox 800 960 983 1008; x_wconf 75' lang='lat' dir='ltr'>historia</span> <span class='ocrx_word' id='word_1_131' title='bbox 1009 979 1200 1027; x_wconf 88' lang='lat' dir='ltr'>operum</span> <span class='ocrx_word' id='word_1_132' title='bbox 1235 965 1518 1012; x_wconf 84' lang='lat' dir='ltr'>eruditorum</span> <span class='ocrx_word' id='word_1_133' title='bbox 1548 972 1705 1016; x_wconf 84' lang='lat' dir='ltr'>Ianuar</span> <span class='ocrx_word' id='word_1_134' title='bbox 1743 986 1880 1033; x_wconf 85' lang='lat'><strong>¹709·</strong></span> <span class='ocrx_word' id='word_1_135' title='bbox 1912 972 2037 1020; x_wconf 88' lang='lat' dir='ltr'>Eius-</span> 
     </span>
     <span class='ocr_line' id='line_1_14' title="bbox 103 1025 2038 1103; baseline 0.006 -30"><span class='ocrx_word' id='word_1_136' title='bbox 103 1028 204 1074; x_wconf 91' lang='lat' dir='ltr'>dem</span> <span class='ocrx_word' id='word_1_137' title='bbox 230 1025 427 1090; x_wconf 84' lang='lat' dir='ltr'>Basnagii</span> <span class='ocrx_word' id='word_1_138' title='bbox 448 1028 676 1076; x_wconf 83' lang='lat' dir='ltr'>historiam</span> <span class='ocrx_word' id='word_1_139' title='bbox 702 1030 968 1076; x_wconf 86' lang='lat' dir='ltr'>Iudaeorum</span> <span class='ocrx_word' id='word_1_140' title='bbox 991 1030 1149 1092; x_wconf 83' lang='lat' dir='ltr'>gallice</span> <span class='ocrx_word' id='word_1_141' title='bbox 1177 1032 1341 1078; x_wconf 87' lang='lat' dir='ltr'>editam</span> <span class='ocrx_word' id='word_1_142' title='bbox 1363 1048 1473 1082; x_wconf 91' lang='lat' dir='ltr'>tom.</span> <span class='ocrx_word' id='word_1_143' title='bbox 1507 1042 1549 1084; x_wconf 91' lang='lat'>6.</span> <span class='ocrx_word' id='word_1_144' title='bbox 1576 1053 1674 1100; x_wconf 79' lang='lat' dir='ltr'>pag.</span> <span class='ocrx_word' id='word_1_145' title='bbox 1698 1053 1753 1096; x_wconf 83' lang='lat'>4¹</span> <span class='ocrx_word' id='word_1_146' title='bbox 1775 1055 1788 1083; x_wconf 89' lang='lat'>1</span> <span class='ocrx_word' id='word_1_147' title='bbox 1816 1037 1909 1103; x_wconf 93' lang='lat' dir='ltr'>sqq.</span> <span class='ocrx_word' id='word_1_148' title='bbox 1945 1045 2038 1088; x_wconf 83' lang='lat' dir='ltr'>Ha·</span> 
     </span>
     <span class='ocr_line' id='line_1_15' title="bbox 100 1095 2037 1170; baseline 0.007 -28"><span class='ocrx_word' id='word_1_149' title='bbox 100 1097 245 1143; x_wconf 87' lang='lat' dir='ltr'>driani</span> <span class='ocrx_word' id='word_1_150' title='bbox 265 1097 451 1143; x_wconf 87' lang='lat' dir='ltr'>Relandi</span> <span class='ocrx_word' id='word_1_151' title='bbox 474 1095 796 1146; x_wconf 77' lang='lat' dir='ltr'>dissertationes</span> <span class='ocrx_word' id='word_1_152' title='bbox 821 1113 1034 1160; x_wconf 84' lang='lat' dir='ltr'>quatuor,</span> <span class='ocrx_word' id='word_1_153' title='bbox 1072 1100 1269 1163; x_wconf 84' lang='lat' dir='ltr'>itemque</span> <span class='ocrx_word' id='word_1_154' title='bbox 1298 1117 1434 1147; x_wconf 88' lang='lat' dir='ltr'>vnam</span> <span class='ocrx_word' id='word_1_155' title='bbox 1468 1106 1591 1155; x_wconf 81' lang='lat' dir='ltr'>Ioan.</span> <span class='ocrx_word' id='word_1_156' title='bbox 1612 1104 1825 1170; x_wconf 86' lang='lat' dir='ltr'>Baptistae</span> <span class='ocrx_word' id='word_1_157' title='bbox 1846 1109 1961 1154; x_wconf 84' lang='lat' dir='ltr'>Ottii</span> <span class='ocrx_word' id='word_1_158' title='bbox 1982 1110 2037 1156; x_wconf 83' lang='lat' dir='ltr'>de</span> 
     </span>
     <span class='ocr_line' id='line_1_16' title="bbox 97 1161 2038 1235; baseline 0.007 -26"><span class='ocrx_word' id='word_1_159' title='bbox 97 1165 249 1210; x_wconf 89' lang='lat' dir='ltr'>numis</span> <span class='ocrx_word' id='word_1_160' title='bbox 267 1161 537 1212; x_wconf 85' lang='lat' dir='ltr'>samaritanis</span> <span class='ocrx_word' id='word_1_161' title='bbox 561 1168 613 1214; x_wconf 85' lang='lat' dir='ltr'>ad</span> <span class='ocrx_word' id='word_1_162' title='bbox 634 1164 845 1220; x_wconf 85' lang='lat' dir='ltr'>Iacobum</span> <span class='ocrx_word' id='word_1_163' title='bbox 870 1165 924 1212; x_wconf 85' lang='lat' dir='ltr'>de</span> <span class='ocrx_word' id='word_1_164' title='bbox 937 1166 1113 1232; x_wconf 82' lang='lat' dir='ltr'>Wilde,</span> <span class='ocrx_word' id='word_1_165' title='bbox 1148 1166 1330 1217; x_wconf 86' lang='lat' dir='ltr'>Amstel.</span> <span class='ocrx_word' id='word_1_166' title='bbox 1364 1184 1488 1230; x_wconf 87' lang='lat'>1702</span> <span class='ocrx_word' id='word_1_167' title='bbox 1514 1186 1556 1218; x_wconf 86' lang='lat' dir='ltr'>et</span> <span class='ocrx_word' id='word_1_168' title='bbox 1585 1187 1721 1235; x_wconf 81' lang='lat'>1704.</span> <span class='ocrx_word' id='word_1_169' title='bbox 1745 1181 1788 1230; x_wconf 85' lang='lat'>8.</span> <span class='ocrx_word' id='word_1_170' title='bbox 1856 1178 2038 1223; x_wconf 86' lang='lat' dir='ltr'>Ioannis</span> 
     </span>
     <span class='ocr_line' id='line_1_17' title="bbox 98 1233 2036 1298; baseline 0.007 -20"><span class='ocrx_word' id='word_1_171' title='bbox 98 1234 205 1278; x_wconf 82' lang='lat' dir='ltr'>item</span> <span class='ocrx_word' id='word_1_172' title='bbox 231 1234 463 1294; x_wconf 86' lang='lat' dir='ltr'>Gagnierii</span> <span class='ocrx_word' id='word_1_173' title='bbox 483 1250 525 1280; x_wconf 89' lang='lat' dir='ltr'>et</span> <span class='ocrx_word' id='word_1_174' title='bbox 544 1234 705 1281; x_wconf 87' lang='lat' dir='ltr'>laudati</span> <span class='ocrx_word' id='word_1_175' title='bbox 726 1234 913 1280; x_wconf 83' lang='lat' dir='ltr'>Relandi</span> <span class='ocrx_word' id='word_1_176' title='bbox 945 1233 1148 1298; x_wconf 81' lang='lat' dir='ltr'>epistolas</span> <span class='ocrx_word' id='word_1_177' title='bbox 1180 1235 1436 1284; x_wconf 85' lang='lat' dir='ltr'>amoebaeas</span> <span class='ocrx_word' id='word_1_178' title='bbox 1469 1241 1514 1284; x_wconf 89' lang='lat' dir='ltr'>in</span> <span class='ocrx_word' id='word_1_179' title='bbox 1547 1243 1780 1288; x_wconf 88' lang='lat' dir='ltr'>memoriis</span> <span class='ocrx_word' id='word_1_180' title='bbox 1810 1243 2036 1290; x_wconf 84' lang='lat' dir='ltr'>litterariis</span> 
     </span>
     <span class='ocr_line' id='line_1_18' title="bbox 98 1301 2034 1371; baseline 0.006 -26"><span class='ocrx_word' id='word_1_181' title='bbox 98 1301 381 1345; x_wconf 87' lang='lat' dir='ltr'>Treuoltinis</span> <span class='ocrx_word' id='word_1_182' title='bbox 405 1308 456 1347; x_wconf 88' lang='lat' dir='ltr'>A.</span> <span class='ocrx_word' id='word_1_183' title='bbox 485 1316 624 1358; x_wconf 86' lang='lat'>1705.</span> <span class='ocrx_word' id='word_1_184' title='bbox 655 1301 910 1364; x_wconf 82' lang='lat' dir='ltr'>Septembri</span> <span class='ocrx_word' id='word_1_185' title='bbox 939 1319 1037 1364; x_wconf 80' lang='lat' dir='ltr'>pag.</span> <span class='ocrx_word' id='word_1_186' title='bbox 1076 1313 1211 1366; x_wconf 84' lang='lat'>1643.</span> <span class='ocrx_word' id='word_1_187' title='bbox 1246 1318 1288 1349; x_wconf 91' lang='lat' dir='ltr'>et</span> <span class='ocrx_word' id='word_1_188' title='bbox 1319 1305 1579 1352; x_wconf 87' lang='lat' dir='ltr'>Nouembri</span> <span class='ocrx_word' id='word_1_189' title='bbox 1611 1324 1710 1371; x_wconf 80' lang='lat' dir='ltr'>pag.</span> <span class='ocrx_word' id='word_1_190' title='bbox 1739 1324 1880 1370; x_wconf 86' lang='lat'>1997.</span> <span class='ocrx_word' id='word_1_191' title='bbox 1911 1326 1955 1358; x_wconf 92' lang='lat' dir='ltr'>et</span> <span class='ocrx_word' id='word_1_192' title='bbox 1987 1314 2034 1358; x_wconf 89' lang='lat' dir='ltr'>in</span> 
     </span>
     <span class='ocr_line' id='line_1_19' title="bbox 98 1366 2034 1443; baseline 0.008 -31"><span class='ocrx_word' id='word_1_193' title='bbox 98 1370 180 1413; x_wconf 85' lang='lat' dir='ltr'>Iac.</span> <span class='ocrx_word' id='word_1_194' title='bbox 203 1367 415 1414; x_wconf 87' lang='lat' dir='ltr'>Bernardi</span> <span class='ocrx_word' id='word_1_195' title='bbox 435 1369 626 1414; x_wconf 88' lang='lat' dir='ltr'>nouellis</span> <span class='ocrx_word' id='word_1_196' title='bbox 646 1366 837 1431; x_wconf 86' lang='lat' dir='ltr'>reipubl.</span> <span class='ocrx_word' id='word_1_197' title='bbox 862 1367 1097 1413; x_wconf 80' lang='lat' dir='ltr'>litterariae</span> <span class='ocrx_word' id='word_1_198' title='bbox 1122 1376 1174 1415; x_wconf 87' lang='lat' dir='ltr'>A.</span> <span class='ocrx_word' id='word_1_199' title='bbox 1207 1383 1342 1431; x_wconf 72' lang='lat'>1705.</span> <span class='ocrx_word' id='word_1_200' title='bbox 1370 1388 1404 1418; x_wconf 87' lang='lat'>1.</span> <span class='ocrx_word' id='word_1_201' title='bbox 1434 1389 1531 1435; x_wconf 86' lang='lat' dir='ltr'>pag.</span> <span class='ocrx_word' id='word_1_202' title='bbox 1561 1377 1672 1435; x_wconf 81' lang='lat'>653.</span> <span class='ocrx_word' id='word_1_203' title='bbox 1705 1391 1747 1422; x_wconf 90' lang='lat' dir='ltr'>et</span> <span class='ocrx_word' id='word_1_204' title='bbox 1778 1378 1834 1425; x_wconf 86' lang='grc' dir='ltr'>ΙΙ.</span> <span class='ocrx_word' id='word_1_205' title='bbox 1862 1392 1949 1436; x_wconf 77' lang='lat'>145</span> <span class='ocrx_word' id='word_1_206' title='bbox 1972 1377 2034 1443; x_wconf 86' lang='lat' dir='ltr'>sq.</span> 
     </span>
     <span class='ocr_line' id='line_1_20' title="bbox 98 1433 2037 1500; baseline 0.007 -20"><span class='ocrx_word' id='word_1_207' title='bbox 98 1436 344 1499; x_wconf 89' lang='lat' dir='ltr'>Epitomen</span> <span class='ocrx_word' id='word_1_208' title='bbox 364 1433 573 1500; x_wconf 86' lang='lat' dir='ltr'>epistolae</span> <span class='ocrx_word' id='word_1_209' title='bbox 596 1433 945 1499; x_wconf 87' lang='lat' dir='ltr'>Guelpherbyto</span> <span class='ocrx_word' id='word_1_210' title='bbox 966 1436 1019 1481; x_wconf 87' lang='lat' dir='ltr'>ad</span> <span class='ocrx_word' id='word_1_211' title='bbox 1042 1436 1292 1483; x_wconf 86' lang='lat' dir='ltr'>Relandum</span> <span class='ocrx_word' id='word_1_212' title='bbox 1313 1436 1581 1487; x_wconf 72' lang='lat' dir='ltr'>transmissae</span> <span class='ocrx_word' id='word_1_213' title='bbox 1605 1442 1659 1488; x_wconf 90' lang='lat' dir='ltr'>de</span> <span class='ocrx_word' id='word_1_214' title='bbox 1682 1445 1831 1490; x_wconf 85' lang='lat' dir='ltr'>numis</span> <span class='ocrx_word' id='word_1_215' title='bbox 1849 1446 2037 1493; x_wconf 83' lang='lat' dir='ltr'>Iudaeo-</span> 
     </span>
     <span class='ocr_line' id='line_1_21' title="bbox 99 1500 2034 1568; baseline 0.008 -21"><span class='ocrx_word' id='word_1_216' title='bbox 99 1518 202 1547; x_wconf 85' lang='lat' dir='ltr'>rum</span> <span class='ocrx_word' id='word_1_217' title='bbox 235 1505 316 1565; x_wconf 85' lang='lat' dir='ltr'>qui</span> <span class='ocrx_word' id='word_1_218' title='bbox 350 1503 602 1550; x_wconf 67' lang='lat' dir='ltr'>charassere</span> <span class='ocrx_word' id='word_1_219' title='bbox 622 1500 884 1548; x_wconf 85' lang='lat' dir='ltr'>samaritano</span> <span class='ocrx_word' id='word_1_220' title='bbox 906 1500 1005 1548; x_wconf 87' lang='lat' dir='ltr'>sunt</span> <span class='ocrx_word' id='word_1_221' title='bbox 1029 1502 1249 1565; x_wconf 75' lang='lat' dir='ltr'>insigniti,</span> <span class='ocrx_word' id='word_1_222' title='bbox 1289 1521 1400 1568; x_wconf 87' lang='lat' dir='ltr'>quae</span> <span class='ocrx_word' id='word_1_223' title='bbox 1423 1508 1588 1568; x_wconf 82' lang='lat' dir='ltr'>legitur</span> <span class='ocrx_word' id='word_1_224' title='bbox 1611 1511 1658 1556; x_wconf 87' lang='lat' dir='ltr'>in</span> <span class='ocrx_word' id='word_1_225' title='bbox 1678 1509 1862 1558; x_wconf 80' lang='lat' dir='ltr'>historia</span> <span class='ocrx_word' id='word_1_226' title='bbox 1880 1515 2034 1562; x_wconf 85' lang='lat' dir='ltr'>critica</span> 
     </span>
     <span class='ocr_line' id='line_1_22' title="bbox 99 1569 2032 1643; baseline 0.007 -28"><span class='ocrx_word' id='word_1_227' title='bbox 99 1570 373 1633; x_wconf 86' lang='lat' dir='ltr'>reipublicae</span> <span class='ocrx_word' id='word_1_228' title='bbox 394 1571 630 1618; x_wconf 86' lang='lat' dir='ltr'>litterariae</span> <span class='ocrx_word' id='word_1_229' title='bbox 649 1587 758 1617; x_wconf 88' lang='lat' dir='ltr'>tom.</span> <span class='ocrx_word' id='word_1_230' title='bbox 781 1584 825 1621; x_wconf 84' lang='lat'>2.</span> <span class='ocrx_word' id='word_1_231' title='bbox 844 1587 944 1634; x_wconf 86' lang='lat' dir='ltr'>pag.</span> <span class='ocrx_word' id='word_1_232' title='bbox 971 1577 1027 1629; x_wconf 80' lang='lat'>65</span> <span class='ocrx_word' id='word_1_233' title='bbox 1053 1569 1146 1634; x_wconf 89' lang='lat' dir='ltr'>sqq.</span> <span class='ocrx_word' id='word_1_234' title='bbox 1214 1574 1397 1619; x_wconf 87' lang='lat' dir='ltr'>Nicolai</span> <span class='ocrx_word' id='word_1_235' title='bbox 1416 1577 1640 1623; x_wconf 86' lang='lat' dir='ltr'>Toinardi</span> <span class='ocrx_word' id='word_1_236' title='bbox 1661 1595 1774 1643; x_wconf 89' lang='lat' dir='ltr'>opus</span> <span class='ocrx_word' id='word_1_237' title='bbox 1796 1580 1850 1627; x_wconf 89' lang='lat' dir='ltr'>de</span> <span class='ocrx_word' id='word_1_238' title='bbox 1881 1584 2032 1629; x_wconf 88' lang='lat' dir='ltr'>numis</span> 
     </span>
     <span class='ocr_line' id='line_1_23' title="bbox 96 1634 2032 1714; baseline 0.008 -32"><span class='ocrx_word' id='word_1_239' title='bbox 96 1634 367 1684; x_wconf 83' lang='lat' dir='ltr'>samaritanis</span> <span class='ocrx_word' id='word_1_240' title='bbox 387 1636 562 1703; x_wconf 89' lang='lat' dir='ltr'>sperare</span> <span class='ocrx_word' id='word_1_241' title='bbox 587 1639 769 1703; x_wconf 88' lang='lat' dir='ltr'>quidem</span> <span class='ocrx_word' id='word_1_242' title='bbox 803 1636 919 1685; x_wconf 77' lang='lat' dir='ltr'>iuffit</span> <span class='ocrx_word' id='word_1_243' title='bbox 940 1636 1209 1686; x_wconf 78' lang='lat' dir='ltr'>Clariffimus</span> <span class='ocrx_word' id='word_1_244' title='bbox 1233 1639 1587 1690; x_wconf 81' lang='lat' dir='ltr'>Montfauconus</span> <span class='ocrx_word' id='word_1_245' title='bbox 1608 1647 1654 1691; x_wconf 89' lang='lat' dir='ltr'>in</span> <span class='ocrx_word' id='word_1_246' title='bbox 1686 1647 2032 1714; x_wconf 82' lang='lat' dir='ltr'>palaeographia</span> 
     </span>
     <span class='ocr_line' id='line_1_24' title="bbox 96 1703 2029 1780; baseline 0.008 -30"><span class='ocrx_word' id='word_1_247' title='bbox 96 1722 251 1767; x_wconf 83' lang='lat' dir='ltr'>graeca</span> <span class='ocrx_word' id='word_1_248' title='bbox 278 1723 375 1769; x_wconf 85' lang='lat' dir='ltr'>pag.</span> <span class='ocrx_word' id='word_1_249' title='bbox 406 1721 423 1752; x_wconf 90' lang='lat'>1</span> <span class='ocrx_word' id='word_1_250' title='bbox 443 1725 511 1766; x_wconf 85' lang='lat'>¹9·</span> <span class='ocrx_word' id='word_1_251' title='bbox 543 1723 643 1762; x_wconf 76' lang='lat'>¹24.</span> <span class='ocrx_word' id='word_1_252' title='bbox 667 1705 741 1752; x_wconf 90' lang='lat' dir='ltr'>sed</span> <span class='ocrx_word' id='word_1_253' title='bbox 773 1703 898 1769; x_wconf 86' lang='lat' dir='ltr'>spem</span> <span class='ocrx_word' id='word_1_254' title='bbox 927 1708 1212 1763; x_wconf 77' lang='lat' dir='ltr'>concitatam,</span> <span class='ocrx_word' id='word_1_255' title='bbox 1258 1706 1503 1765; x_wconf 27' lang='lat' dir='ltr'>aliisffforte</span> <span class='ocrx_word' id='word_1_256' title='bbox 1541 1715 1734 1774; x_wconf 86' lang='lat' dir='ltr'>negotiis</span> <span class='ocrx_word' id='word_1_257' title='bbox 1770 1718 2029 1780; x_wconf 78' lang='lat' dir='ltr'>impedituS,</span> 
     </span>
     <span class='ocr_line' id='line_1_25' title="bbox 96 1771 2030 1840; baseline 0.007 -22"><span class='ocrx_word' id='word_1_258' title='bbox 96 1789 189 1818; x_wconf 90' lang='lat' dir='ltr'>non</span> <span class='ocrx_word' id='word_1_259' title='bbox 208 1773 429 1837; x_wconf 89' lang='lat' dir='ltr'>impleuit.</span> <span class='ocrx_word' id='word_1_260' title='bbox 499 1777 708 1820; x_wconf 86' lang='lat' dir='ltr'>Ceterum</span> <span class='ocrx_word' id='word_1_261' title='bbox 731 1771 1001 1820; x_wconf 81' lang='lat' dir='ltr'>samariticos</span> <span class='ocrx_word' id='word_1_262' title='bbox 1021 1791 1182 1820; x_wconf 89' lang='lat' dir='ltr'>numos</span> <span class='ocrx_word' id='word_1_263' title='bbox 1197 1774 1441 1840; x_wconf 76' lang='lat' dir='ltr'>‘plerosque</span> <span class='ocrx_word' id='word_1_264' title='bbox 1463 1783 1736 1828; x_wconf 84' lang='lat' dir='ltr'>recentiores</span> <span class='ocrx_word' id='word_1_265' title='bbox 1763 1799 1836 1829; x_wconf 88' lang='lat' dir='ltr'>aut</span> <span class='ocrx_word' id='word_1_266' title='bbox 1870 1785 2030 1832; x_wconf 87' lang='lat' dir='ltr'>dubiae</span> 
     </span>
     <span class='ocr_line' id='line_1_26' title="bbox 96 1840 2030 1906; baseline 0.006 -19"><span class='ocrx_word' id='word_1_267' title='bbox 96 1841 342 1889; x_wconf 79' lang='lat' dir='ltr'>admodum</span> <span class='ocrx_word' id='word_1_268' title='bbox 364 1840 588 1887; x_wconf 87' lang='lat' dir='ltr'>vetustatis</span> <span class='ocrx_word' id='word_1_269' title='bbox 611 1842 779 1894; x_wconf 87' lang='lat' dir='ltr'>videri,</span> <span class='ocrx_word' id='word_1_270' title='bbox 819 1842 980 1888; x_wconf 88' lang='lat' dir='ltr'>Ezech.</span> <span class='ocrx_word' id='word_1_271' title='bbox 1012 1844 1272 1906; x_wconf 87' lang='lat' dir='ltr'>Spanhemii</span> <span class='ocrx_word' id='word_1_272' title='bbox 1302 1847 1521 1893; x_wconf 89' lang='lat' dir='ltr'>iudicium</span> <span class='ocrx_word' id='word_1_273' title='bbox 1542 1847 1603 1894; x_wconf 91' lang='lat' dir='ltr'>est</span> <span class='ocrx_word' id='word_1_274' title='bbox 1623 1846 1784 1896; x_wconf 82' lang='lat' dir='ltr'>differt.</span> <span class='ocrx_word' id='word_1_275' title='bbox 1811 1868 1853 1900; x_wconf 85' lang='lat'>2.</span> <span class='ocrx_word' id='word_1_276' title='bbox 1875 1853 1929 1899; x_wconf 84' lang='lat' dir='ltr'>de</span> <span class='ocrx_word' id='word_1_277' title='bbox 1948 1850 2030 1899; x_wconf 89' lang='lat' dir='ltr'>vsu</span> 
     </span>
     <span class='ocr_line' id='line_1_27' title="bbox 97 1905 2030 1974; baseline 0.007 -20"><span class='ocrx_word' id='word_1_278' title='bbox 97 1905 416 1955; x_wconf 81' lang='lat' dir='ltr'>numismatum</span> <span class='ocrx_word' id='word_1_279' title='bbox 437 1927 535 1974; x_wconf 89' lang='lat' dir='ltr'>pag.</span> <span class='ocrx_word' id='word_1_280' title='bbox 557 1918 633 1967; x_wconf 89' lang='lat'>67.</span> <span class='ocrx_word' id='word_1_281' title='bbox 658 1909 760 1955; x_wconf 90' lang='lat' dir='ltr'>edit.</span> <span class='ocrx_word' id='word_1_282' title='bbox 782 1908 921 1956; x_wconf 87' lang='lat' dir='ltr'>Amst.</span> <span class='ocrx_word' id='word_1_283' title='bbox 992 1908 1127 1964; x_wconf 52' lang='lat' dir='ltr'>Rene</span> <span class='ocrx_word' id='word_1_284' title='bbox 1150 1927 1299 1958; x_wconf 87' lang='lat' dir='ltr'>tamen</span> <span class='ocrx_word' id='word_1_285' title='bbox 1330 1913 1434 1959; x_wconf 87' lang='lat' dir='ltr'>alibi</span> <span class='ocrx_word' id='word_1_286' title='bbox 1456 1915 1556 1962; x_wconf 86' lang='lat' dir='ltr'>illos</span> <span class='ocrx_word' id='word_1_287' title='bbox 1588 1919 1738 1964; x_wconf 87' lang='lat' dir='ltr'>minus</span> <span class='ocrx_word' id='word_1_288' title='bbox 1767 1918 1927 1967; x_wconf 89' lang='lat' dir='ltr'>dubiae</span> <span class='ocrx_word' id='word_1_289' title='bbox 1954 1938 2030 1968; x_wconf 84' lang='lat' dir='ltr'>ve·</span> 
     </span>
     <span class='ocr_line' id='line_1_28' title="bbox 93 1973 2029 2044; baseline 0.008 -24"><span class='ocrx_word' id='word_1_290' title='bbox 93 1974 262 2021; x_wconf 85' lang='lat' dir='ltr'>tustatis</span> <span class='ocrx_word' id='word_1_291' title='bbox 284 1993 331 2021; x_wconf 92' lang='lat' dir='ltr'>ac</span> <span class='ocrx_word' id='word_1_292' title='bbox 353 1973 458 2022; x_wconf 84' lang='lat' dir='ltr'>fidei</span> <span class='ocrx_word' id='word_1_293' title='bbox 477 1975 640 2023; x_wconf 85' lang='lat' dir='ltr'>fatetur</span> <span class='ocrx_word' id='word_1_294' title='bbox 659 1978 736 2040; x_wconf 89' lang='lat' dir='ltr'>qui</span> <span class='ocrx_word' id='word_1_295' title='bbox 759 1975 859 2041; x_wconf 89' lang='lat' dir='ltr'>post</span> <span class='ocrx_word' id='word_1_296' title='bbox 877 1979 1178 2042; x_wconf 74' lang='lat' dir='ltr'>captiuitatem</span> <span class='ocrx_word' id='word_1_297' title='bbox 1213 1979 1528 2044; x_wconf 87' lang='lat' dir='ltr'>babylonicam</span> <span class='ocrx_word' id='word_1_298' title='bbox 1558 1983 1643 2031; x_wconf 76' lang='lat' dir='ltr'>culi</span> <span class='ocrx_word' id='word_1_299' title='bbox 1665 2000 1816 2033; x_wconf 81' lang='lat' dir='ltr'>extant</span> <span class='ocrx_word' id='word_1_300' title='bbox 1844 2002 1942 2034; x_wconf 91' lang='lat' dir='ltr'>tum</span> <span class='ocrx_word' id='word_1_301' title='bbox 1963 2006 2029 2035; x_wconf 86' lang='lat' dir='ltr'>ar-</span> 
     </span>
     <span class='ocr_line' id='line_1_29' title="bbox 95 2044 2027 2120; baseline 0.007 -32"><span class='ocrx_word' id='word_1_302' title='bbox 95 2044 247 2106; x_wconf 82' lang='lat' dir='ltr'>gentei</span> <span class='ocrx_word' id='word_1_303' title='bbox 270 2058 365 2089; x_wconf 91' lang='lat' dir='ltr'>tum</span> <span class='ocrx_word' id='word_1_304' title='bbox 387 2046 504 2091; x_wconf 84' lang='lat' dir='ltr'>aerei</span> <span class='ocrx_word' id='word_1_305' title='bbox 523 2046 732 2099; x_wconf 88' lang='lat' dir='ltr'>maxime,</span> <span class='ocrx_word' id='word_1_306' title='bbox 754 2048 949 2108; x_wconf 88' lang='lat' dir='ltr'>quorum</span> <span class='ocrx_word' id='word_1_307' title='bbox 970 2045 1142 2109; x_wconf 87' lang='lat' dir='ltr'>aliquos</span> <span class='ocrx_word' id='word_1_308' title='bbox 1156 2047 1326 2094; x_wconf 90' lang='lat' dir='ltr'>ibidem</span> <span class='ocrx_word' id='word_1_309' title='bbox 1339 2048 1518 2113; x_wconf 86' lang='lat' dir='ltr'>profert</span> <span class='ocrx_word' id='word_1_310' title='bbox 1537 2067 1666 2117; x_wconf 88' lang='lat' dir='ltr'>atque</span> <span class='ocrx_word' id='word_1_311' title='bbox 1687 2053 1872 2102; x_wconf 88' lang='lat' dir='ltr'>illustrat</span> <span class='ocrx_word' id='word_1_312' title='bbox 1891 2073 1934 2120; x_wconf 90' lang='lat' dir='ltr'>p.</span> <span class='ocrx_word' id='word_1_313' title='bbox 1949 2063 2027 2106; x_wconf 85' lang='lat'>66.</span> 
     </span>
     <span class='ocr_line' id='line_1_30' title="bbox 97 2110 2026 2176; baseline 0.006 -18"><span class='ocrx_word' id='word_1_314' title='bbox 97 2113 201 2158; x_wconf 87' lang='lat' dir='ltr'>edit.</span> <span class='ocrx_word' id='word_1_315' title='bbox 229 2110 538 2157; x_wconf 81' lang='lat' dir='ltr'>Londinenfis.</span> <span class='ocrx_word' id='word_1_316' title='bbox 617 2114 867 2176; x_wconf 87' lang='lat' dir='ltr'>Explicatio</span> <span class='ocrx_word' id='word_1_317' title='bbox 906 2114 1101 2160; x_wconf 88' lang='lat' dir='ltr'>duorum</span> <span class='ocrx_word' id='word_1_318' title='bbox 1141 2133 1389 2164; x_wconf 89' lang='lat' dir='ltr'>numorum</span> <span class='ocrx_word' id='word_1_319' title='bbox 1425 2122 1790 2168; x_wconf 88' lang='lat' dir='ltr'>Samariticorum</span> <span class='ocrx_word' id='word_1_320' title='bbox 1830 2124 2026 2170; x_wconf 90' lang='lat' dir='ltr'>Simonis</span> 
     </span>
     <span class='ocr_line' id='line_1_31' title="bbox 95 2178 2024 2248; baseline 0.006 -22"><span class='ocrx_word' id='word_1_321' title='bbox 95 2178 369 2232; x_wconf 85' lang='lat' dir='ltr'>Maccabaei,</span> <span class='ocrx_word' id='word_1_322' title='bbox 402 2183 567 2224; x_wconf 82' lang='lat' dir='ltr'>Ioanne</span> <span class='ocrx_word' id='word_1_323' title='bbox 578 2181 819 2226; x_wconf 86' lang='lat' dir='ltr'>Harduino</span> <span class='ocrx_word' id='word_1_324' title='bbox 842 2179 1023 2228; x_wconf 69' lang='lat' dir='ltr'>auE&#39;tore</span> <span class='ocrx_word' id='word_1_325' title='bbox 1043 2182 1244 2247; x_wconf 64' lang='lat' dir='ltr'>exstat‘in</span> <span class='ocrx_word' id='word_1_326' title='bbox 1266 2189 1498 2232; x_wconf 89' lang='lat' dir='ltr'>memoriis</span> <span class='ocrx_word' id='word_1_327' title='bbox 1511 2189 1794 2235; x_wconf 89' lang='lat' dir='ltr'>Treuoltinis</span> <span class='ocrx_word' id='word_1_328' title='bbox 1816 2195 1866 2237; x_wconf 90' lang='lat' dir='ltr'>A.</span> <span class='ocrx_word' id='word_1_329' title='bbox 1888 2207 2024 2248; x_wconf 82' lang='lat'>1712.</span> 
     </span>
     <span class='ocr_line' id='line_1_32' title="bbox 94 2244 2025 2310; baseline 0.008 -21"><span class='ocrx_word' id='word_1_330' title='bbox 94 2263 194 2310; x_wconf 82' lang='lat' dir='ltr'>pag.</span> <span class='ocrx_word' id='word_1_331' title='bbox 223 2255 337 2302; x_wconf 85' lang='lat'><strong>84¹·</strong></span> <span class='ocrx_word' id='word_1_332' title='bbox 408 2250 478 2292; x_wconf 89' lang='lat' dir='ltr'>De</span> <span class='ocrx_word' id='word_1_333' title='bbox 508 2244 664 2293; x_wconf 85' lang='lat' dir='ltr'>iisdem</span> <span class='ocrx_word' id='word_1_334' title='bbox 694 2250 843 2295; x_wconf 90' lang='lat' dir='ltr'>numis</span> <span class='ocrx_word' id='word_1_335' title='bbox 870 2249 1082 2310; x_wconf 87' lang='lat' dir='ltr'>leguntur</span> <span class='ocrx_word' id='word_1_336' title='bbox 1110 2248 1444 2309; x_wconf 74' lang='lat' dir='ltr'>&#39;obseruationes</span> <span class='ocrx_word' id='word_1_337' title='bbox 1476 2255 1655 2300; x_wconf 90' lang='lat' dir='ltr'>Nicolai</span> <span class='ocrx_word' id='word_1_338' title='bbox 1694 2258 1945 2303; x_wconf 88' lang='lat' dir='ltr'>Henrionis</span> <span class='ocrx_word' id='word_1_339' title='bbox 1975 2258 2025 2304; x_wconf 89' lang='lat' dir='ltr'>in</span> 
     </span>
     <span class='ocr_line' id='line_1_33' title="bbox 92 2311 2027 2384; baseline 0.006 -24"><span class='ocrx_word' id='word_1_340' title='bbox 92 2314 276 2361; x_wconf 85' lang='lat' dir='ltr'>historia</span> <span class='ocrx_word' id='word_1_341' title='bbox 304 2315 493 2361; x_wconf 88' lang='lat' dir='ltr'>academ.</span> <span class='ocrx_word' id='word_1_342' title='bbox 522 2311 864 2380; x_wconf 87' lang='lat' dir='ltr'>inscriptionum</span> <span class='ocrx_word' id='word_1_343' title='bbox 900 2332 1012 2362; x_wconf 89' lang='lat' dir='ltr'>tom.</span> <span class='ocrx_word' id='word_1_344' title='bbox 1047 2332 1086 2363; x_wconf 92' lang='lat'>2.</span> <span class='ocrx_word' id='word_1_345' title='bbox 1118 2333 1216 2380; x_wconf 85' lang='lat' dir='ltr'>pag.</span> <span class='ocrx_word' id='word_1_346' title='bbox 1234 2327 1318 2377; x_wconf 33' lang='lat'>⁷65.</span> <span class='ocrx_word' id='word_1_347' title='bbox 1385 2323 1455 2365; x_wconf 88' lang='lat' dir='ltr'>De</span> <span class='ocrx_word' id='word_1_348' title='bbox 1481 2323 1631 2367; x_wconf 84' lang='lat' dir='ltr'>numis</span> <span class='ocrx_word' id='word_1_349' title='bbox 1661 2321 1923 2384; x_wconf 90' lang='lat' dir='ltr'>quibusdam</span> <span class='ocrx_word' id='word_1_350' title='bbox 1957 2327 2027 2371; x_wconf 85' lang='lat' dir='ltr'>Sa·</span> 
     </span>
     <span class='ocr_line' id='line_1_34' title="bbox 95 2382 2024 2450; baseline 0.005 -21"><span class='ocrx_word' id='word_1_351' title='bbox 95 2384 322 2430; x_wconf 83' lang='lat' dir='ltr'>maritanis</span> <span class='ocrx_word' id='word_1_352' title='bbox 343 2397 385 2430; x_wconf 92' lang='lat' dir='ltr'>et</span> <span class='ocrx_word' id='word_1_353' title='bbox 408 2383 683 2436; x_wconf 86' lang='lat' dir='ltr'>Phoeniciis,</span> <span class='ocrx_word' id='word_1_354' title='bbox 712 2385 793 2431; x_wconf 82' lang='lat' dir='ltr'>vel</span> <span class='ocrx_word' id='word_1_355' title='bbox 810 2382 1036 2431; x_wconf 81' lang='lat' dir='ltr'>insolitam</span> <span class='ocrx_word' id='word_1_356' title='bbox 1066 2385 1309 2431; x_wconf 87' lang='lat' dir='ltr'>litteratur.</span> <span class='ocrx_word' id='word_1_357' title='bbox 1393 2403 1498 2450; x_wconf 85' lang='lat' dir='ltr'>prae</span> <span class='ocrx_word' id='word_1_358' title='bbox 1526 2385 1569 2434; x_wconf 88' lang='lat' dir='ltr'>se</span> <span class='ocrx_word' id='word_1_359' title='bbox 1596 2386 1846 2437; x_wconf 87' lang='lat' dir='ltr'>ferentibus</span> <span class='ocrx_word' id='word_1_360' title='bbox 1874 2390 1945 2438; x_wconf 92' lang='lat' dir='ltr'>vel</span> <span class='ocrx_word' id='word_1_361' title='bbox 1974 2394 2024 2439; x_wconf 87' lang='lat' dir='ltr'>in</span> 
     </span>
     <span class='ocr_line' id='line_1_35' title="bbox 11 2403 2024 2510; baseline 0.005 -14"><span class='ocrx_word' id='word_1_362' title='bbox 11 2505 20 2510; x_wconf 18' lang='grc' dir='ltr'><strong>ἡ</strong></span> <span class='ocrx_word' id='word_1_363' title='bbox 94 2449 239 2498; x_wconf 88' lang='lat' dir='ltr'>lucem</span> <span class='ocrx_word' id='word_1_364' title='bbox 263 2449 476 2498; x_wconf 61' lang='lat' dir='ltr'>haffienus</span> <span class='ocrx_word' id='word_1_365' title='bbox 498 2467 591 2497; x_wconf 90' lang='lat' dir='ltr'>non</span> <span class='ocrx_word' id='word_1_366' title='bbox 614 2451 743 2497; x_wconf 88' lang='lat' dir='ltr'>editis</span> <span class='ocrx_word' id='word_1_367' title='bbox 764 2453 943 2499; x_wconf 88' lang='lat' dir='ltr'>Ioannis</span> <span class='ocrx_word' id='word_1_368' title='bbox 963 2454 1210 2501; x_wconf 83' lang='lat' dir='ltr'>Swintonii</span> <span class='ocrx_word' id='word_1_369' title='bbox 1229 2403 1469 2501; x_wconf 49' lang='lat' dir='ltr'>disffimio</span> <span class='ocrx_word' id='word_1_370' title='bbox 1490 2453 1655 2505; x_wconf 66' lang='lat' dir='ltr'>adiesta</span> <span class='ocrx_word' id='word_1_371' title='bbox 1675 2455 1736 2503; x_wconf 91' lang='lat' dir='ltr'>est</span> <span class='ocrx_word' id='word_1_372' title='bbox 1758 2459 1852 2506; x_wconf 87' lang='lat' dir='ltr'>eius</span> <span class='ocrx_word' id='word_1_373' title='bbox 1871 2456 2024 2506; x_wconf 86' lang='lat' dir='ltr'>inscri-</span> 
     </span>
     <span class='ocr_line' id='line_1_36' title="bbox 92 2513 1780 2584; baseline 0 -18"><span class='ocrx_word' id='word_1_374' title='bbox 92 2513 324 2584; x_wconf 84' lang='lat' dir='ltr'>ptionibus</span> <span class='ocrx_word' id='word_1_375' title='bbox 344 2521 509 2566; x_wconf 88' lang='lat' dir='ltr'>Citieis.</span> <span class='ocrx_word' id='word_1_376' title='bbox 533 2521 704 2565; x_wconf 83' lang='lat' dir='ltr'>Oxonii</span> <span class='ocrx_word' id='word_1_377' title='bbox 727 2534 868 2579; x_wconf 84' lang='lat'>1750.</span> <span class='ocrx_word' id='word_1_378' title='bbox 885 2535 933 2581; x_wconf 90' lang='lat'>4.</span> <span class='ocrx_word' id='word_1_379' title='bbox 1775 2520 1780 2526; x_wconf 80' lang='grc'><em>’</em></span> 
     </span>
    </p>

    <p class='ocr_par' dir='ltr' id='par_1_5' title="bbox 92 2583 2021 2790">
     <span class='ocr_line' id='line_1_37' title="bbox 110 2583 2021 2657; baseline 0.004 -23"><span class='ocrx_word' id='word_1_380' title='bbox 110 2588 114 2592; x_wconf 80' lang='grc'><strong>’</strong></span> <span class='ocrx_word' id='word_1_381' title='bbox 225 2587 386 2634; x_wconf 89' lang='lat' dir='ltr'>Obiter</span> <span class='ocrx_word' id='word_1_382' title='bbox 406 2589 453 2633; x_wconf 90' lang='lat' dir='ltr'>in</span> <span class='ocrx_word' id='word_1_383' title='bbox 472 2583 633 2633; x_wconf 83' lang='lat' dir='ltr'>differt.</span> <span class='ocrx_word' id='word_1_384' title='bbox 662 2604 702 2635; x_wconf 90' lang='lat'>1.</span> <span class='ocrx_word' id='word_1_385' title='bbox 730 2587 783 2633; x_wconf 90' lang='lat' dir='ltr'>de</span> <span class='ocrx_word' id='word_1_386' title='bbox 808 2589 956 2634; x_wconf 90' lang='lat' dir='ltr'>numis</span> <span class='ocrx_word' id='word_1_387' title='bbox 978 2584 1248 2634; x_wconf 87' lang='lat' dir='ltr'>samaritanis</span> <span class='ocrx_word' id='word_1_388' title='bbox 1275 2587 1551 2635; x_wconf 71' lang='lat' dir='ltr'>doffiffimus</span> <span class='ocrx_word' id='word_1_389' title='bbox 1574 2590 1797 2639; x_wconf 86' lang='lat' dir='ltr'>Relandus</span> <span class='ocrx_word' id='word_1_390' title='bbox 1822 2592 1920 2657; x_wconf 86' lang='lat' dir='ltr'>pag&#39;.</span> <span class='ocrx_word' id='word_1_391' title='bbox 1940 2605 2021 2655; x_wconf 89' lang='lat'>24.</span> 
     </span>
     <span class='ocr_line' id='line_1_38' title="bbox 93 2654 2021 2721; baseline 0.004 -21"><span class='ocrx_word' id='word_1_392' title='bbox 93 2657 183 2716; x_wconf 88' lang='lat' dir='ltr'>agit</span> <span class='ocrx_word' id='word_1_393' title='bbox 204 2657 336 2701; x_wconf 88' lang='lat' dir='ltr'>etiam</span> <span class='ocrx_word' id='word_1_394' title='bbox 363 2656 417 2702; x_wconf 89' lang='lat' dir='ltr'>de</span> <span class='ocrx_word' id='word_1_395' title='bbox 439 2656 587 2701; x_wconf 88' lang='lat' dir='ltr'>numis</span> <span class='ocrx_word' id='word_1_396' title='bbox 604 2660 786 2720; x_wconf 80' lang='lat' dir='ltr'>punicis,</span> <span class='ocrx_word' id='word_1_397' title='bbox 830 2656 955 2719; x_wconf 81' lang='lat' dir='ltr'>quod</span> <span class='ocrx_word' id='word_1_398' title='bbox 985 2671 1298 2716; x_wconf 87' lang='lat' dir='ltr'>argumentum</span> <span class='ocrx_word' id='word_1_399' title='bbox 1330 2654 1518 2718; x_wconf 77' lang='lat' dir='ltr'>tangunt</span> <span class='ocrx_word' id='word_1_400' title='bbox 1548 2674 1772 2721; x_wconf 81' lang='lat' dir='ltr'>praeterea</span> <span class='ocrx_word' id='word_1_401' title='bbox 1796 2662 2021 2707; x_wconf 87' lang='lat' dir='ltr'>Antonius</span> 
     </span>
     <span class='ocr_line' id='line_1_39' title="bbox 92 2721 2018 2790; baseline 0.002 -19"><span class='ocrx_word' id='word_1_402' title='bbox 92 2721 363 2787; x_wconf 85' lang='lat' dir='ltr'>Augustinus</span> <span class='ocrx_word' id='word_1_403' title='bbox 383 2723 561 2786; x_wconf 83' lang='lat' dir='ltr'>dialogo</span> <span class='ocrx_word' id='word_1_404' title='bbox 584 2727 663 2771; x_wconf 91' lang='lat' dir='ltr'>VI.</span> <span class='ocrx_word' id='word_1_405' title='bbox 685 2724 846 2773; x_wconf 88' lang='lat' dir='ltr'>Ezech.</span> <span class='ocrx_word' id='word_1_406' title='bbox 865 2724 1162 2790; x_wconf 77' lang='lat' dir='ltr'>Spanhemius</span> <span class='ocrx_word' id='word_1_407' title='bbox 1180 2721 1275 2776; x_wconf 83' lang='lat' dir='ltr'>diff,</span> <span class='ocrx_word' id='word_1_408' title='bbox 1298 2742 1339 2771; x_wconf 85' lang='lat'>2.</span> <span class='ocrx_word' id='word_1_409' title='bbox 1361 2726 1609 2775; x_wconf 84' lang='lat' dir='ltr'>Bernardus</span> <span class='ocrx_word' id='word_1_410' title='bbox 1629 2727 1813 2776; x_wconf 88' lang='lat' dir='ltr'>Aldrete</span> <span class='ocrx_word' id='word_1_411' title='bbox 1832 2727 1949 2774; x_wconf 84' lang='lat' dir='ltr'>libro</span> <span class='ocrx_word' id='word_1_412' title='bbox 1975 2744 2018 2774; x_wconf 81' lang='lat'>2.</span> 
     </span>
    </p>

    <p class='ocr_par' dir='ltr' id='par_1_6' title="bbox 329 2793 2022 2841">
     <span class='ocr_line' id='line_1_40' title="bbox 329 2793 2022 2841; baseline -0.005 9"><span class='ocrx_word' id='word_1_413' title='bbox 329 2803 332 2806; x_wconf 66' lang='grc'>’</span> <span class='ocrx_word' id='word_1_414' title='bbox 398 2799 400 2801; x_wconf 7' lang='grc' dir='ltr'><strong><em>θ</em></strong></span> <span class='ocrx_word' id='word_1_415' title='bbox 1012 2793 1054 2838; x_wconf 84' lang='grc' dir='ltr'>Χ</span> <span class='ocrx_word' id='word_1_416' title='bbox 1086 2806 1118 2838; x_wconf 80' lang='lat'>2</span> <span class='ocrx_word' id='word_1_417' title='bbox 1231 2837 1235 2839; x_wconf 93' lang='lat'>.</span> <span class='ocrx_word' id='word_1_418' title='bbox 1907 2794 2022 2841; x_wconf 84' lang='lat' dir='ltr'>anti-</span> 
     </span>
    </p>
   </div>
  </div>
 </body>
</html>
