2263 3027
566 72 1063 158 scmp‘roasss
1143 100 1688 155 GENERALES.·
2007 125 2068 173 43

126 255 231 289 nem
257 229 663 296 Altenburgensem
693 223 745 278 Α.
765 236 898 292 1637.
932 244 981 287 4.
1027 214 1073 274 iii
1103 232 1392 292 Syutagmate
1426 226 1778 293 disputationum
1819 228 2073 279 Graeuiano

125 303 276 355 recusa
307 301 542 351 Vltraieffl
571 315 660 359 170
674 314 709 348 r.
744 313 790 358 4.
887 297 1122 343 Thomam
1148 295 1205 344 ‘H
1212 297 1300 360 yde
1334 297 1387 344 ad
1409 298 1569 343 itinera
1601 298 1846 346 Abrahami
1869 298 2079 352 Peritsol,

85 363 90 366 ⁵
127 394 171 441 p,
194 391 271 436 44.
292 371 379 436 seq.
420 370 495 416 vbi
517 370 572 414 de
594 367 780 413 nomine
802 363 926 411 vrbis
949 365 1235 426 Carthaginis
1259 381 1390 428 atque
1412 364 1677 425 originibus.
1747 376 1798 417 In
1822 369 1983 431 primis
2003 366 2077 414 ἡέ-

127 461 181 490 ro
205 441 428 487 summum
452 440 604 482 virum
626 438 738 480 Sam.
763 434 1039 480 Bochartum
1064 433 1112 477 in
1136 434 1426 496 Geographia
1446 430 1582 488 sacra,
1606 436 1675 480 cui
1698 434 1933 481 Aldretum
1949 437 2074 496 igno-

127 527 226 557 tum
249 505 375 555 fuisse
394 501 597 552 obseruat
616 511 735 552 Ioan.
759 501 963 548 Clericus
984 503 1040 547 T.
1060 515 1097 555 ς.
1135 498 1247 550 Bibl.
1272 497 1452 547 sel-estne
1474 518 1521 565 p..
1538 511 1646 561 389.
1671 499 1758 565 seq.
1780 518 1822 549 et
1834 519 1936 566 pag.
1965 518 2072 563 393.

129 576 218 641 seq,
287 573 546 620 Dolendum
577 568 758 634 insuper
781 566 882 615 fatis
904 565 1144 614 doetiffimi
1166 569 1256 613 viri
1280 567 1463 614 Gllbertz·
1473 570 1685 620 Gaulmini
1704 572 1978 635 interceptos
1992 568 2079 618 ess'e

129 648 224 693 eius
246 641 384 688 libros
407 649 495 691 ΙΙΙ..
519 640 573 685 de
598 637 827 702 republica
848 633 1296 698 Carthaginiensi-um,
1334 654 1434 683 cum
1459 636 1576 687 libro
1601 636 1811 699 singulari
1845 640 1900 684 de
1933 635 2078 684 infan-
2149 676 2156 679 .

47 755 55 765 „
129 711 292 759 ticidiis
319 707 560 759 Afrorum,
600 724 713 770 quos
735 703 961 770 praemisit
984 706 1031 749 in
1051 700 1303 769 praef-antid
1325 703 1601 751 Eustathium
1625 706 1678 752 de
1693 703 1875 752 Ismenii
1892 721 1935 752 et
1948 699 2079 756 Isme-

129 797 208 827 nes
219 777 461 828 amoribus,
474 774 858 839 quemadmodum
872 773 1005 819 etiam
1020 772 1165 819 lucem
1178 789 1410 835 nunquam
1423 774 1827 821 viditHend1·eichi
1839 771 1970 838 supra
1983 774 2078 819 lau-

130 847 219 894 dati
234 863 347 910 opus
361 846 415 891 de
428 844 559 890 rebus
572 838 1510 903 Carthaginenfium,fiueCarthaginenfiutn
1528 841 1724 896 historia,
1743 842 1865 888 cuius
1880 841 2078 889 edendae

127 913 254 980 spem
270 911 377 960 fecit
387 930 429 977 p.
445 919 485 968 8.
499 926 541 957 et
562 926 578 959 1
589 927 633 967 4.
646 927 725 956 nec
738 909 854 956 edita
865 906 966 956 sunt
976 908 1179 955 eiusdem
1191 906 1402 957 Analec'ssta
1414 907 1503 955 fiue
1513 909 1810 956 additamenta
1822 926 1932 972 quae
1946 909 2082 974 polli-

130 998 257 1030 cetur
289 998 334 1046 p.
362 995 381 1028 Ι
396 994 468 1040 3ς.
486 987 596 1040 287.
629 994 671 1025 et
691 977 810 1025 alibi.
887 976 1081 1024 Librum
1103 975 1158 1024 de
1181 977 1464 1039 Carthagine,
1499 975 1715 1041 scriptum
1741 978 1893 1038 lingua
1915 974 2081 1041 Hispa-

106 1072 108 1075 >
131 1052 230 1098 nica
249 1067 271 1096 a
299 1053 354 1094 D.
378 1047 558 1114 φήην-ο
589 1045 810 1093 Hibannez
829 1047 879 1091 de
902 1048 1081 1111 Segouia
1112 1057 1157 1090 et
1175 1046 1374 1102 Ρενιιίΐα,
1413 1060 1456 1092 et
1492 1046 1750 1106 euulgatu'm
1780 1045 2081 1108 Pampelonae

139 1135 156 1164 1
171 1122 279 1180 664.
317 1131 362 1178 4,
399 1115 545 1162 laudat
565 1115 735 1161 T'nom.
760 1113 930 1161 Pinedo
949 1115 1005 1160 ad
1027 1114 1302 1178 Stephanum
1317 1117 1423 1176 Byz.
1447 1131 1546 1177 pag.
1562 1116 1671 1175 362.
1738 1116 1809 1159 De
1821 1109 2078 1166 SuffetibuS,

131 1183 308 1232 summo
339 1188 596 1230 Poenorum
630 1181 885 1244 magistratu
912 1182 1143 1232 eruditam
1158 1181 1390 1247 ¹diatriben
1425 1180 1611 1237 Witteb.
1644 1196 1790 1246 1744.
1827 1196 1877 1249 4.
1937 1179 2080 1230 edidit

65 1291 70 1293 -
133 1251 326 1303 Gottlob
348 1252 579 1299 Erdmann
598 1250 870 1299 ZeibiehiuS.

277 1393 356 1435 IV.
388 1391 623 1444 Indorum,
657 1390 872 1446 Arabum,
907 1392 1129 1453 Syrorum
1167 1386 1308 1454 (quae
1343 1393 1427 1438 tria
1449 1391 1634 1438 nomina
1667 1387 1868 1436 Iatissime
1886 1386 2076 1453 parent)

135 1453 440 1504 Tschinarum
461 1460 569 1504 item
584 1492 593 1508 ,
625 1474 720 1504 tum
747 1459 825 1522 qui
846 1459 894 1503 in
915 1461 1100 1523 Europa
1122 1460 1415 1521 Scytharum,
1453 1459 1769 1520 Celtarumque
1799 1452 1890 1502 ¹'fiue
1925 1454 2080 1501 Gallo·

135 1541 254 1578 rum,
288 1528 566 1570 Francorum
593 1540 636 1571 et
663 1529 1026 1577 Germanorum,
1065 1522 1379 1589 Hispanorum
1408 1543 1454 1571 ac
1486 1527 1828 1577 Britannorum,
1865 1517 2081 1583 Anglosa-

134 1608 309 1639 xonum
328 1592 698 1657 populorumque
721 1589 1138 1657 septentrionalium
1162 1602 1370 1639 veterum
1391 1610 1463 1639 res
1483 1608 1614 1655 atque
1633 1592 1916 1654 antiquitates
1940 1591 1987 1645 in
2009 1589 2084 1635 ali-

135 1676 218 1707 um
246 1660 400 1706 locum
421 1661 644 1708 coniicere
660 1661 834 1721 animus
857 1658 941 1714 est,
977 1676 1034 1706 ne
1055 1661 1250 1717 nimium
1281 1659 1559 1722 euagandum
1597 1657 1730 1705 nobis
1758 1656 1830 1712 fit,
1867 1656 2083 1720 locusque

121 1727 388 1793 prouerbio
414 1728 655 1785 Italorum,
689 1728 758 1775 chi
785 1735 938 1794 troppa
965 1725 1189 1784 abbracia‚
1226 1729 1340 1775 nulla
1357 1728 1560 1792 stringe„
1599 1742 1642 1772 et
1664 1726 1773 1772 dum
1796 1725 1950 1772 omnia
1983 1740 2088 1789 per-

121 1793 263 1859 ·sequi
281 1794 554 1842 instituimus
577 1794 861 1860 perficiamus
882 1794 1012 1841 nihil.
1083 1799 1285 1853 Tantum
1305 1810 1547 1844 monemus
1560 1790 1790 1847 studiosos,
1827 1792 1938 1839 iuris
1956 1807 2084 1857 >prae-

139 1864 272 1927 cipue
293 1878 424 1928 atque
446 1863 735 1910 historiarum
749 1898 760 1918 ,
784 1881 842 1910 ne
862 1864 908 1908 in
929 1862 1117 1909 aliarum
1138 1866 1356 1925 gentium,
1375 1866 1680 1910 Romanarum
1701 1878 1747 1909 v.
1762 1878 1803 1922 g.
1815 1869 1947 1924 atqu'e
1958 1863 2094 1906 Grae-

140 1927 293 1977 carum
320 1932 656 1995 antiquitatibus
687 1934 744 1978 ita
776 1928 819 1978 se
841 1929 1030 1984 abdant,
1063 1946 1113 1977 vt
1141 1933 1325 1978 interim
1353 1932 1400 1977 in
1419 1932 1575 1996 patriis
1593 1928 1728 1976 rebus
1750 1927 1834 1974 {int
1863 1924 2088 1993 hospites,

124 1999 268 2060 quod
285 2016 423 2063 aeque
447 1998 550 2047 effet
568 1999 831 2053 ridiculum,
873 2015 920 2045 ac
948 1996 980 2044 {i
1002 2000 1113 2061 'quis
1146 2000 1191 2044 i'n
1215 2001 1459 2046 Germania
1489 2000 1650 2045 viuens
1674 2000 1845 2044 Graece
1873 1995 2002 2059 loqui
2024 1995 2089 2042 di-

143 2063 632 2122 sceret‚‘Germanicam
651 2067 1094 2130 linguamignoraret
1113 2081 1245 2130 atque
1267 2064 1586 2131 aspernaretur.
1654 2069 1804 2129 Qare
1824 2071 1919 2111 non
1939 2059 2088 2128 poffu-

127 2148 246 2179 ⁴mus
262 2165 274 2187 ,
314 2136 421 2197 quin
450 2138 651 2198 potiores
678 2136 1010 2198 Antiquitatum
1040 2136 1414 2181 Germanicarum
1446 2132 1686 2199 scriptores
1707 2131 1936 2195 generales
1964 2131 2089 2177 exhi-

145 2199 342 2248 beamus.
375 2246 383 2253 ,
412 2201 608 2263 Systema
631 2202 857 2265 quoddam
879 2203 1216 2265 Antiquitatum
1239 2203 1637 2256 Germanicarum,
1675 2200 1916 2248 duodecim
1940 2195 2089 2244 differ-

145 2268 391 2314 tationibus
412 2266 491 2314 sub
515 2274 766 2317 Germaniae
789 2272 947 2318 mediae
975 2269 1106 2316 titulo
1142 2267 1479 2331 Heidelbergae
1507 2271 1711 2334 primum
1749 2275 1889 2329 1678.
1927 2263 2090 2311 deinde

146 2338 280 2382 Ienae
320 2339 458 2391 1686.
492 2352 535 2398 4.
581 2337 734 2397 editis,
769 2355 818 2384 ac
845 2337 1042 2400 denique
1069 2336 1325 2402 cum-Guil.
1355 2334 1551 2383 Turckii
1588 2334 1681 2383 diff.
1712 2336 1768 2382 de
1799 2331 2090 2396 Geographia

134 2403 291 2451 medii
313 2404 410 2449 aeui
424 2401 566 2450 Halae
587 2408 815 2451 Saxonum
845 2419 983 2467 1709.
1017 2420 1064 2460 4.
1097 2403 1256 2451 reculis
1280 2404 1521 2452 delineauit
1542 2398 2086 2465 Paullus*Hachenbergius,

150 2473 199 2533 in
213 2487 408 2535 quarum
431 2472 578 2534 prima
599 2471 655 2517 de
674 2474 911 2533 regimine.
964 2485 1008 2521 2.
1023 2472 1079 2518 de
1098 2472 1338 2533 generibus
1361 2472 1451 2520 fiue
1473 2470 1707 2518 ordinibus
1729 2467 2004 2531 (nobilibus,
2024 2468 2089 2513 in-

151 2541 324 2601 genuis,
343 2536 501 2594 seruis)
550 2552 589 2596 3.
608 2538 668 2584 'de
686 2536 874 2599 legibus,
923 2555 967 2602 4.
985 2559 989 2564 ’
1004 2532 1060 2586 de
1083 2557 1132 2587 re
1149 2532 1347 2586 militari.
1421 2555 1459 2598 ς.
1483 2539 1537 2583 de
1549 2537 1733 2601 nuptiis.
1788 2538 1831 2582 6.
1854 2535 1908 2583 de
1920 2532 2089 2581 studiis.

151 2622 200 2668 7.
235 2607 290 2654 de
310 2606 476 2668 lingua.
546 2613 588 2661 8.
608 2605 679 2652 >de
697 2606 916 2667 religione
934 2606 1098 2669 gentili
1119 2605 1431 2653 et³²christiana.
1474 2620 1520 2662 9.
1560 2604 1613 2650 de
1632 2620 1682 2650 re
1702 2600 1862 2649 feciali.
1911 2617 1981 2650 10.
2001 2619 2088 2649 nu-

150 2676 304 2720 maria.
389 2691 406 2722 1
427 2689 460 2719 ι.
496 2671 719 2729 vestiaria,
750 2688 792 2719 et
856 2689 930 2722 12.
960 2674 1015 2720 de
1047 2691 1097 2720 re
1120 2671 1302 2719 funebri
1324 2686 1530 2718 veterum
1552 2675 1885 2720 Germanorum
1908 2666 2087 2718 disserit.

148 2741 298 2812 *Idem*
310 2741 556 2812 voluerunt
578 2738 731 2812 saxum
750 2742 964 2812 -.ngmlff
982 2741 1200 2859 Ακῃμῖεᾼᾙ
1206 2741 1255 2786 in
1265 2738 1617 2806 Antiquitatibus
1640 2738 1894 2792 Cimbricis.
1914 2735 2086 2789 Hamb.

1233 2820 1267 2872 g
1946 2817 2088 2870 1703.
