2263 3027
252 103 350 158 75⁸
539 94 692 146 CAP.
724 96 836 146 xv,
910 93 1005 146 DE
1040 82 1285 146 ΡΟΕΝῙε
1323 95 1516 147 ΑΡνῡ·
1550 97 1908 149 ROMANos

257 232 357 265 tore
377 220 423 264 in
444 233 591 282 partes
611 217 876 267 dissecando,
899 216 1207 280 Cantabrigiae
1234 236 1370 282 1742.
1393 237 1436 283 4.
1476 218 1783 268 diffeRionem
1808 238 1902 268 non
1925 222 1981 269 de
2006 220 2103 288 ipso
2126 224 2199 272 do·
2253 255 2261 259 -

258 286 417 332 bitoris
439 302 654 350 corpore,
692 286 764 335 sed
784 288 840 334 de
864 285 995 332 bonis
1016 289 1110 332 eius
1143 303 1214 333 aut
1244 288 1298 335 de
1333 291 1504 353 pretio,
1541 305 1632 353 quo
1663 290 1873 336 venditus
1904 287 2034 348 effet5
2079 293 2195 338 inter

260 353 504 400 creditores
526 355 772 401 diuidendo
793 354 1098 418 accipiendam
1120 351 1206 400 effe
1226 353 1530 402 ostendentes(
1593 358 1843 420 Qomodo
1865 357 1970 403 exul
1992 375 2015 403 a
2035 357 2199 418 relega-

262 435 306 465 to
344 421 461 484 apud
486 423 714 469 Romanos
735 422 964 476 differret,
1001 421 1135 468 docet>
1153 425 1345 470 Ouidius
1367 423 1439 470 lib.
1466 439 1504 477 ς.
1529 422 1724 471 tristium
1749 425 1889 486 elegia
1910 427 1985 470 XI.
2046 427 2203 470 Nimi-

259 505 361 533 rum
405 488 526 535 exuli
553 507 663 555 opes
692 507 734 536 et
766 493 832 536 ius
861 491 1048 551 ciuitatis
1070 489 1402 546 adimebanrur,
1439 492 1655 553 relegatus
1676 493 1834 556 patriis
1861 507 2034 538 tantum
2066 490 2200 538 iussus

259 552 400 601 abesse
423 553 563 613 focis,v
591 574 640 604 vt
662 559 782 604 idem
802 562 934 604 Poeta
953 559 1083 604 canitr
1152 556 1323 603 Confer
1345 560 1471 606 Alex.
1492 559 1544 606 ab
1571 560 1829 606 Alexandro
1853 559 1935 608 lll.
1962 572 2026 609 20
2046 574 2088 606 et
2118 571 2145 608 2
2160 573 2199 619 3.

258 620 338 668 vbi
361 622 415 668 de
438 625 742 686 publicatione
765 626 1006 679 bonorum.
1078 627 1147 671 De
1179 626 1495 688 deportatione
1523 630 1568 673 in
1594 624 1750 672 insulis
1787 643 1870 690 per
1901 643 2035 690 quam
2066 628 2200 672 etiam

257 690 326 735 ius
348 691 538 738 ciuitatis
560 693 864 749 mittebatur,
902 691 1007 738 vide
1041 695 1256 738 Ioannem
1278 694 1655 757 Gryphiandrum
1693 696 1737 740 in
1763 691 1949 740 trasiatu
1972 693 2026 739 de
2049 689 2200 738 insulis

258 757 379 803 edito
403 758 688 806 Francofurti
717 769 855 818 1623.
879 774 923 819 4.
946 775 1038 822 cap.
1074 767 1140 808 16.
1174 777 1271 824 pag.
1303 758 1517 825 1971'qq,
1583 765 1652 808 De
1683 763 1842 826 poenis
1872 777 1914 809 et
1934 762 2202 822 ignominiis

257 825 529 873 militaribus
556 828 675 893 apud
697 832 892 875 Graecos
915 831 1119 873 Potterus
1142 828 1371 875 Archaeol.
1393 832 1548 876 Graec.
1573 846 1670 893 pag.
1701 845 1792 890 504
1818 844 1860 875 et
1885 843 1995 891 534·
2067 828 2203 892 Apud
2237 889 2241 893 .

263 894 495 939 Romanos
514 894 687 960 Lipfius
713 895 787 942 lib.
815 913 855 953 ς.
890 895 947 941 de
972 890 1130 940 militia
1154 897 1352 941 Romana
1382 913 1474 959 cap.
1504 904 1572 952 18.
1646 896 1898 946 Alexander
1925 895 1979 942 ab
2011 895 2201 942 Alexan-

258 958 343 1004 dro
370 959 445 1007 lib.
477 975 521 1008 2.-
546 963 788 1023 geni-alium
813 963 990 1008 dierum
1020 978 1110 1024 cap.
1140 977 1212 1021 13.
1279 961 1534 1009 Franciscus
1556 957 1840 1010 Robertell'us
1863 979 1991 1010 torno
2014 963 2201 1009 10.the-
2256 974 2263 977 ’

259 1022 374 1071 sauri
396 1030 634 1075 Graeuiani
665 1046 707 1093 p.
736 1038 862 1091 1482
885 1026 944 1091 sq.
969 1031 1207 1092 praecipue
1230 1045 1345 1074 vero
1366 1034 1419 1078 V.
1441 1035 1490 1077 C.
1510 1031 1736 1077 Gerardus
1759 1033 2125 1078 Sichtermanuus
2145 1030 2200 1075 in

259 1093 431 1140 erudita
455 1094 755 1142 differt-atione
775 1096 1051 1160 philologica
1070 1110 1114 1140 et
1139 1095 1326 1142 iuridica
1345 1096 1402 1143 de
1413 1099 1575 1160 poenis
1594 1098 1859 1145 militaribus
1871 1101 2199 1151 Romanorum,

258 1159 478 1208 Amsterd.
510 1172 649 1223 1708.
673 1174 713 1214 8.
783 1164 902 1210 Vide
933 1163 1065 1208 etiam
1091 1164 1306 1209 Matthiae
1328 1166 1688 1210 Zitnmermanni
1709 1165 1984 1227 florilegium
2004 1167 2052 1211 in
2084 1180 2197 1210 voce
2235 1219 2238 1222 ῃ

258 1231 384 1276 Vitis.
459 1233 625 1293 Neque
646 1247 759 1277 vero
782 1228 849 1277 fas
875 1245 967 1276 erat
997 1230 1161 1276 milites
1183 1227 1419 1295 supplicio
1437 1229 1613 1278 afficere
1633 1247 1870 1295 antequam
1890 1233 1981 1278 illis
1999 1233 2199 1279 demere·

257 1309 330 1340 tur
349 1298 475 1343 Zona
495 1298 720 1352 militaris,
755 1313 806 1344 vt
826 1313 1003 1362 praeter
1022 1297 1134 1344 ¹alios
1152 1298 1283 1345 docet
1304 1296 1530 1346 Caesarius
1547 1298 1711 1362 quaest.
1727 1309 1806 1360 78.
1827 1316 1928 1364 pag.
1949 1314 2058 1362 214.
2127 1301 2198 1345 De

256 1365 525 1410 excoecandi
545 1381 692 1430 poena
709 1366 814 1412 vide
834 1366 992 1427 Cangii
1014 1363 1271 1427 glossarium
1291 1383 1334 1413 et
1357 1368 1507 1414 Caroli
1532 1367 1584 1423 de
1597 1368 1782 1431 Aquino
1805 1368 1984 1415 lexicon
2005 1366 2199 1424 militare

254 1432 302 1475 in
325 1446 440 1477 voce
461 1431 698 1480 abacinare.
765 1437 949 1485 Mor'em
978 1433 1166 1479 canendi
1189 1431 1409 1482 claffieum
1438 1451 1675 1499 antequam
1704 1437 1859 1500 capitis
1887 1433 2103 1481 sententia
2133 1433 2198 1480 di·-

256 1513 457 1558 ceretur,
492 1498 746 1547 Obseruauit
774 1498 949 1565 Lipsius
974 1501 1029 1546 ad
1055 1504 1208 1548 Taciti
1239 1503 1384 1551 annal.
1411 1507 1470 1551 ll.
1504 1517 1582 1553 22.
1610 1519 1654 1550 et
1681 1504 1959 1551 Stewechius
1979 1502 2036 1548 ad
2055 1505 2197 1562 Vege-

256 1566 369 1611 tium
389 1569 422 1612 Ι.
449 1583 524 1628 23.
547 1572 602 1614 ΙΙ.
628 1585 702 1615 22.
771 1573 840 1615 De
861 1586 989 1616 more
1020 1569 1279 1616 traducendi
1306 1588 1408 1617 reos
1438 1589 1541 1617 cum
1573 1567 1687 1618 voce
1716 1573 1974 1636 praeconis,
2008 1565 2196 1632 venetium

255 1631 548 1696 πξοαγὸντων
580 1652 630 1682 vt
656 1637 858 1699 loquitur
875 1639 1071 1682 Zonaras
1102 1640 1223 1686 XllI.
1253 1655 1322 1696 ις.
1356 1638 1461 1686 vide
1491 1641 1721 1686 Cui-,icium
1745 1643 1850 1688 VII.
1877 1640 1922 1686 6.
1945 1634 2198 1685 Obseruatt.

255 1699 444 1762 Dionys.
466 1700 809 1750 Gothofredum
835 1705 886 1750 ad
924 1703 996 1750 lib.
1028 1719 1097 1763 13.
1140 1707 1173 1763 §.
1201 1713 1242 1751 6.
1282 1709 1336 1751 D.
1369 1706 1429 1752 de.
1453 1707 1756 1754 iureiurando.
1825 1709 1941 1752 Dan.
1963 1702 2196 1749 Heckium

258 1764 314 1810 de
338 1769 470 1814 titulo
491 1772 645 1817 crucis.
671 1775 798 1838 Ienqe
828 1775 965 1832 1667.
998 1787 1041 1817 et
1072 1772 1253 1818 Barnab.
1283 1771 1553 1819 Briss'onium
1580 1773 1634 1818 de
1666 1770 1878 1818 formulis
1905 1784 1948 1816 et
1967 1766 2194 1815 sollemni-

256 1830 338 1877 bus
370 1837 415 1881 Ρ.
453 1838 504 1881 R.
544 1839 696 1884 verbis
724 1839 798 1893 lib.
836 1856 875 1896 ς.
943 1842 1012 1884 De
1039 1842 1349 1885 Decimatione
1378 1854 1421 1884 et
1451 1837 1531 1885 vsu
1561 1836 1839 1893 sortitionis,
1890 1851 1940 1883 ut
1966 1851 2111 1882 metus
2138 1834 2193 1881 ad

255 1914 435 1956 omnes,
471 1919 616 1964 poena
638 1906 690 1950 ad
722 1922 886 1968 paucos
907 1907 1185 1968 perueniret,
1225 1908 1297 1951 adi
1325 1905 1609 1952 Plutarchum
1641 1908 1843 1951 Antonio
1874 1921 1916 1966 p.
1941 1917 2052 1966 934.
2121 1904 2192 1948 Ci—

258 1983 468 2014 ceronem
489 1987 575 2033 pro
598 1971 806 2017 Cluentio
826 1987 938 2019 tom.
965 1985 1006 2029 3.
1031 1972 1242 2017 editionis
1264 1974 1538 2020 Graeuianae
1566 1990 1608 2037 p.
1635 1981 1746 2028 208.
1816 1971 2027 2017 Tacitum
2048 1970 2193 2017 annal.
2226 2004 2229 2005 ν

254 2037 370 2081 XlV.
406 2051 483 2097 44.
555 2039 761 2084 Coelium
795 2039 1106 2098 Rhodiginum
1150 2037 1246 2084 lest.
1284 2041 1498 2102 antiquar.
1529 2044 1579 2086 X.
1618 2056 1659 2095 ς.
1725 2042 1793 2085 De
1824 2030 2104 2102 suspensione
2136 2038 2191 2085 de

254 2118 389 2148 manu
409 2118 451 2149 et
470 2104 584 2168 pede
603 2122 720 2150 vnco
744 2102 983 2168 perforatis
1004 2105 1155 2150 Nicol.
1176 2109 1375 2151 Fontana
1396 2108 1444 2152 in
1475 2107 1657 2171 epistola
1687 2107 1741 2152 ad
1763 2104 2006 2152 Nihusium
2030 2105 2081 2150 ad
2109 2106 2191 2152 cal-

256 2186 352 2216 cem
373 2172 583 2218 Thomae
606 2173 856 2218 Bartholini
878 2172 933 2219 de
955 2189 1084 2218 cruce
1108 2188 1206 2236 pag.
1230 2182 1320 2234 283
1347 2171 1438 2237 sqq.
1509 2178 1576 2221 De
1599 2175 1929 2239 praecipatione
1950 2174 2004 2218 de
2034 2188 2191 2220 monte

252 2240 453 2302 Tarpeio
484 2253 527 2285 et
560 2239 728 2286 robore
758 2239 973 2285 Tulliano
1011 2239 1120 2285 vide
1152 2241 1506 2288 Bombardinum
1537 2242 1613 2289 lib.
1649 2258 1687 2289 1.
1720 2242 1776 2288 de
1816 2257 1997 2291 carcere,
2022 2256 2114 2303 cap.
2140 2258 2186 2301 4,

250 2306 510 2368 Rycquium
538 2306 593 2353 de
614 2307 839 2370 Capitolio
861 2323 952 2371 cap.
976 2321 1056 2367 45.
1091 2321 1135 2353 et
1156 2307 1327 2369 Sigism.
1352 2310 1521 2356 Frider.
1545 2307 2186 2370 Dresigiicommeutationem

251 2373 305 2418 de
327 2375 662 2438 praecipatione
685 2391 831 2439 poena
851 2377 1160 2429 Romanorum
1186 2375 1385 2440 publica,
1422 2375 1539 2442 Lips.
1564 2392 1701 2438 1737.
1724 2378 1770 2422 in
1791 2392 1874 2439 qua
1897 2390 2050 2420 contra
2074 2378 2187 2438 Ryc·

250 2441 407 2500 quium
447 2441 661 2499 ostendit,
705 2443 1086 2506 praecipationem
1117 2459 1211 2489 non
1241 2441 1475 2491 seruorum
1495 2478 1506 2498 ‚
1549 2443 1623 2491 sed
1659 2444 1905 2490 liberorum
1933 2441 2185 2490 ‘hominum

250 2502 377 2553 fuiffe
400 2525 609 2572 poenam.
680 2511 907 2574 Supplicia
945 2525 1066 2556 extra
1100 2511 1323 2558 ciuitatem
1346 2510 1656 2568 sumebantur,
1692 2528 1748 2558 ne
1766 2509 1907 2570 sacrae
1940 2508 1982 2555 e't
2005 2510 2184 2559 diuinae

249 2573 466 2633 imagines
492 2577 677 2623 illorum
699 2570 938 2641 conspestu
962 2576 1296 2641 polluerentur,
1334 2583 1382 2626 vt
1403 2594 1525 2626 notat
1546 2579 1781 2631 Gisbertus
1795 2580 1995 2640 Cuperus
2017 2580 2095 2622 VI.
2116 2594 2185 2637 ¹9·
2248 2593 2251 2628 ῑ

250 2637 465 2687 obseruat.
539 2643 734 2691 Valesius
760 2645 813 2690 ad
837 2648 1127 2691 Ammianum
1148 2650 1353 2694 XXVIII.
1376 2663 1420 2709 4.
1449 2664 1492 2711 p.
1520 2661 1640 2707 527.*
1702 2643 1875 2709 Lipsius
1896 2644 1950 2690 ad
1971 2645 2182 2691 Tacitum
2246 2671 2248 2675 v

248 2722 291 2770 p.
315 2716 390 2765 98·
413 2723 455 2753 et
476 2711 745 2774 Interpretes
762 2713 815 2759 ad
836 2712 979 2762 Hebr.
1000 2713 1119 2762 XIII.
1149 2728 1223 2766 12.
1293 2719 1531 2763 Carcerem
1551 2718 1718 2762 Romae
1739 2714 1914 2778 primus
1938 2710 2184 2827 aedifieguit

2134 2796 2184 2827 n—
