2263 3027
909 100 1275 159 -GRAECE
1756 146 1758 148 ψ
1981 120 2076 175 241

151 224 607 295 dam'postremorum
634 225 820 275 nomina
850 244 872 274 a
899 224 1116 293 scriptore
1135 226 1314 276 iuniore
1343 226 1511 277 adieEta
1530 226 1615 278 effe
1635 244 1733 280 tum
1751 231 1799 279 in
1819 231 2078 299 Nicephori

151 301 335 347 Graecis
358 314 464 344 tum·
485 299 532 344 in
565 296 733 351 Latinis
754 293 962 342 Anastafii
992 296 1221 343 codicibus
1252 299 1383 346 docet
1412 298 1624 346 Seldenus
1644 303 1701 348 II.
1737 316 1782 357 4.
1821 301 1877 348 de
1894 298 2074 366 synedr.

147 377 193 433 p.
228 375 328 418 106.
354 364 440 430 seq.
477 380 521 412 et
546 362 781 411 Hanckius
812 363 866 410 de
889 361 1182 429 scriptoribus
1207 370 1309 429 Byz.
1345 384 1388 431 p.
1413 373 1525 423 245¹.
1571 363 1875 416 Valentiniani·
1893 368 2076 435 quoque

147 434 454 496 genealogiam
480 434 525 478 in
552 430 793 477 Codicibus
814 430 1079 495 quibusdam
1103 431 1340 479 desiderari
1369 449 1492 481 notat
1522 438 1586 481 Io.
1609 434 1868 484 Pearsonius
1897 439 1945 484 in
1966 441 2075 486 Vin-

148 502 275 549 diciis
296 500 591 566 Epistoiarum
615 501 653 545 S.
683 500 857 559 Ignatii.
929 498 1127 547 Viciffim
1148 502 1195 547 in
1224 501 1318 546 aliis
1340 506 1463 550 MSS.
1496 500 1692 550 diuersae
1715 507 2075 553 continuationes

146 572 431 634 reperiuntur
452 569 537 612 iam
560 566 613 612 ad
636 565 978 615 Constantinum
1005 571 1178 633 Ducam
1203 571 1281 632 qui
1303 573 1428 618 A.-C.
1462 577 1597 633 1067.
1620 569 1745 626 obiit,
1774 573 1862 618 iam
1887 573 2075 621 vlterius

146 640 279 685 etiam
305 652 443 699 vsque
461 635 514 680 ad
537 638 589 681 A.
607 637 661 680 C.
692 641 830 690 1180‘.

241 719 252 730 ·
294 702 519 751 ''GEORGu
549 703 767 749 Monachi
793 719 834 750 et
858 704 1248 750 Archimandritae
1272 720 1578 765 cognomento
1600 707 1851 754 Hamartolz·
1879 708 1994 755 circa
2015 712 2070 758 A.

143 773 191 818 C.
214 780 320 834 842.
352 771 481 826 clari,
520 786 654 833 quem.
688 788 790 817 cum
822 771 1033 834 Syncello
1067 771 1199 817 multi
1232 772 1347 818 male
1378 770 1686 828 confundunt,
1723 776 1995 822 Chronicon·
2018 775 2071 823 ab

141 842 196 886 O.
220 842 266 886 C.
287 839 340 885 ad
369 838 643 897 Michaelem
675 839 932 903 Theophili
961 840 1074 904 Imp.
1108 836 1253 885 filium
1282 840 1487 887 nondum
1518 843 1744 902 integrum
1774 843 1920 889 lucem
1943 843 2072 896 vidit,

141 897 215 952 e'tfi
235 922 381 970 partes
404 906 613 970 quasdam
637 906 754 953 illius
773 921 816 952 et
835 904 1086 968 fragmenta
1107 903 1323 953 habemus
1343 924 1364 954 a
1386 909 1580 961 Petaui0‚
1617 909 1874 964 Lambecio,
1896 909 2075 958 Gretse·

138 990 204 1027 ro,
226 974 404 1028 Allatio‚
430 973 603 1021 Radero
630 975 814 1038 aliisque
832 972 1011 1039 sparsim
1037 973 1165 1021 edita.
1255 978 1321 1021 Ex
1342 976 1429 1021 hoc
1454 977 1684 1023 Chronico
1709 979 1840 1023 etiam
1864 979 2072 1025 Chrono-

138 1041 282 1104 logica
301 1058 510 1106 excerpta
529 1044 665 1106 petita
685 1039 785 1089 sunt
807 1041 968 1106 quibus
982 1043 1140 1090 Mal-ala
1160 1041 1210 1089 ab
1233 1044 1362 1089 initio
1385 1042 1641 1108 supp-letur3
1667 1043 1839 1092 Confer
1851 1043 2071 1094 Humfre-

137 1109 185 1155 di
214 1110 358 1174 Hody
377 1109 467 1156 diff.
493 1110 677 1157 Malalae
702 1108 980 1174 praemissam
1019 1111 1145 1172 §41.
1183 1125 1226 1157 et
1259 1112 1473 1158 All-atium
1507 1113 1562 1158 de
1596 1115 1808 1175 Georgiis
1837 1130 1936 1177 pag.
1964 1127 2073 1175 329.

135 1173 225 1241 seq.
270 1180 347 1241 qui
369 1179 651 1234 Cedrenum,
677 1180 1035 1243 Theophanem,
1070 1179 1261 1242 Glycam
1294 1179 1493 1243 aliosque
1522 1179 1791 1244 posteriores
1814 1182 2069 1228 Chronolo.-

136 1261 218 1306 gos
244 1262 297 1291 ex
319 1262 372 1292 eo
392 1243 629 1309 profecisse
660 1262 791 1309 atque
812 1249 858 1292 in
888 1249 1122 1311 Excerptis
1152 1247 1333 1294 ineditis
1360 1246 1640 1294 Constantini
1670 1250 2070 1313 Porphyrogeneti

136 1309 228 1359 ’ω’ἓῖ
259 1312 492 1377 πρεσβέων
524 1314 742 1359 nonnulla
763 1331 817 1359 ex
839 1314 922 1359 hac
942 1314 1124 1360 historia
1149 1318 1341 1376 Georgii
1361 1317 1581 1362 Monachi
1604 1317 1659 1363 de
1690 1317 1987 1378 legationibus
2015 1318 2068 1364 ad

135 1380 366 1442 Principes
389 1381 593 1425 ethnicos
617 1379 704 1439 legi
729 1395 771 1442 p.
792 1393 896 1439 334.
932 1394 1068 1425 notat.
1138 1381 1266 1426 Idem
1289 1382 1474 1427 Aliatius
1494 1382 1611 1428 libro
1632 1385 1687 1429 de
1707 1400 1844 1430 aetate
1868 1402 1910 1432 et
1932 1388 2066 1431 inter-

136 1443 263 1491 stitiis
285 1446 513 1492 Ordinum
535 1446 655 1509 apud
678 1449 873 1492 Graecos
907 1462 951 1510 p.
983 1454 1088 1500 180.
1124 1447 1343 1493 nonnulla
1364 1465 1418 1493 ex
1448 1448 1607 1495 eodem
1629 1448 1884 1513 proferenS,
1908 1467 2065 1499 monet
2101 1450 2105 1453 ⁴

133 1514 396 1575 neutiquam
417 1513 800 1559 contemnendum
824 1510 908 1558 effe
929 1511 1172 1566 auffeorem,
1208 1532 1261 1559 ex
1282 1531 1362 1577 quo
1383 1514 1639 1563 recentiores
1657 1521 1920 1565 Graecorum
1933 1520 2065 1582 Hzsto-

132 1584 220 1624 rici
228 1579 420 1643 Jieafere
439 1585 577 1627 omnia
594 1597 726 1643 neque
745 1578 889 1626 verbis
908 1581 997 1644 ipsis
1019 1586 1256 1626 immutatis
1288 1583 1461 1643 hausere
1474 1616 1485 1636 ,
1525 1586 1638 1645 quod
1652 1597 1701 1631 vt
1720 1589 1867 1633 videas
1887 1588 2066 1635 latinum

120 1647 300 1711 fecimus
328 1659 372 1693 et
397 1663 480 1694 vna
508 1665 601 1694 cum
629 1660 754 1693 textu
783 1650 944 1693 Graeco
964 1649 1099 1713 fiper
1127 1660 1319 1713 tempora
1349 1650 1524 1695 licuerit
1552 1649 1634 1696 tibi
1653 1652 2063 1703 communicabimus.

131 1713 213 1760 I-lla
223 1714 376 1761 Allatii
394 1712 538 1778 versio
561 1729 604 1760 et
626 1713 765 1760 editio
786 1731 879 1761 non
901 1715 1017 1761 vidit
1039 1715 1199 1768 lucem,
1230 1713 1308 1761 nifi
1330 1716 1452 1779 quod
1474 1720 1765 1781 prooemium
1790 1722 1940 1783 operis
1962 1739 2066 1769 cum

129 1775 502 1846 interpretatione
530 1779 602 1845 sua
632 1781 844 1829 diatribae
872 1783 925 1829 de
948 1785 1162 1846 Georgiis
1183 1780 1380 1832 inseruit.
1449 1788 1576 1832 Duos
1603 1787 1791 1834 Codices
1823 1792 1946 1836 MSS.
1980 1791 2066 1836 Re-

130 1850 228 1912 giae
250 1849 360 1897 Bibl-.
380 1848 625 1897 Parifiensis
645 1850 791 1897 laudat
811 1851 1060 1898 Cotelerius
1085 1851 1139 1897 ad
1168 1850 1245 1897 lib.
1261 1868 1302 1910 9.
1325 1851 1690 1913 recognitionum
1725 1872 1836 1918 quae
1865 1854 1943 1903 sub
1967 1858 2064 1905 Cle-

110 1919 296 1980 Jmentis
315 1919 502 1966 nomine
529 1917 757 1965 ambulant
784 1936 876 1982 cap.
900 1935 975 1967 20.
1009 1916 1417 1966 Vindobonensem
1453 1921 1718 1969 Lambecius
1740 1927 1795 1969 II.
1834 1941 1934 1988 pag.
1962 1934 2064 1987 588.

131 1983 520 2034 Mediolanensem
538 2002 580 2033 et
602 1984 922 2034 Scorialensem
939 1987 1125 2034 Allatius
1146 1988 1200 2034 de
1215 1989 1428 2050 Georgiis
1450 2006 1494 2053 p.
1512 2004 1618 2049 334.
1655 1992 1915 2039 Bauaricum
1932 1996 2066 2040 Gret-

130 2049 254 2098 serus
290 2056 349 2102 T.
369 2070 420 2108 2.
458 2055 513 2101 de
540 2072 683 2108 cruce,
705 2071 748 2102 et
770 2055 1023 2102 Matthaeus
1040 2055 1238 2102 Raderus
1258 2057 1306 2101 in
1327 2055 1544 2102 viridario
1559 2055 1821 2105 [angiorum
1833 2095 1847 2118 ‚
1870 2062 1988 2107 notis
2009 2061 2064 2108 ad

130 2121 272 2166 vitam
294 2123 334 2167 S.
354 2123 528 2182 Ignatii,
557 2124 874 2170 Baroccianum
894 2123 1090 2188 denique
1110 2125 1189 2188 qui
1207 2121 1343 2171 exstat
1365 2125 1415 2171 in
1434 2125 1546 2172 Bibl.
1567 2126 1818 2181 Bodleiana,
1841 2126 2061 2177 Humfre-
2097 2160 2099 2162 -

132 2186 213 2234 dus
235 2188 380 2252 Hody
402 2189 502 2236 loco
532 2189 720 2238 laudato.
1254 2189 1260 2194 ’

238 2252 241 2255 ⁴
264 2260 523 2303 Hmpown
540 2257 751 2305 Thebani
770 2259 848 2322 qui
867 2255 1038 2305 saeculo
1052 2261 1126 2305 XI.
1147 2258 1323 2312 floruit,
1347 2259 1614 2307 Chronicon
1632 2278 1654 2307 a
1677 2260 1855 2316 Christo
1877 2278 1980 2309 nato
2005 2262 2059 2310 ad

131 2323 203 2374 sua
222 2340 450 2389 tempora,
485 2322 686 2372 {imiliter
707 2327 913 2373 nondum
931 2328 980 2373 in
1001 2327 1146 2373 lucem
1165 2326 1351 2391 prodiit,
1374 2330 1570 2395 exceptis
1589 2326 1867 2393 fragmentis,
1889 2332 1943 2378 de
1962 2331 2057 2394 qui-

131 2393 214 2443 bus
236 2391 406 2440 digium
430 2390 490 2439 est
510 2391 627 2438 libro
651 2408 692 2455 5.
716 2377 837 2443 Bibl.
858 2398 1053 2453 Graecae
1071 2412 1116 2459 p.
1139 2408 1248 2444 212.
1269 2391 1365 2458 sqq.
1419 2407 1423 2411 ’

144 2487 146 2490 .
215 2499 220 2504 .
266 2461 471 2515 Gssossic-,u
505 2463 711 2507 crunam
742 2463 960 2508 Monachi
978 2463 1243 2509 Chronicon
1269 2462 1321 2509 ab
1346 2462 1456 2509 orbe
1479 2463 1664 2510 condito
1690 2462 1745 2508 ad
1765 2466 1818 2509 A.
1841 2465 1889 2511 C.
1915 2477 2054 2526 1057.

134 2544 236 2576 cum
257 2533 370 2581 Ioan,
394 2529 597 2593 Xylandri
618 2526 822 2576 vex-fione
840 2544 881 2575 et
901 2531 1020 2576 notis
1039 2530 1209 2593 editum
1230 2529 1291 2576 est
1310 2529 1492 2576 Bafileae
1514 2528 1633 2592 apud
1661 2531 1779 2575 Ioan.
1793 2533 2061 2596 Oporinum-

135 2611 179 2653 et
196 2593 459 2662 Episcopios
479 2594 637 2645 fratres
662 2602 712 2643 Α.
732 2593 964 2655 1566.f01.
998 2612 1129 2663 atque
1151 2599 1269 2643 inter
1291 2593 1528 2660 scriptores
1549 2594 1775 2645 Historiae
1785 2601 2056 2663 Byzantinae
2080 2602 2087 2607 ’

135 2680 237 2713 cnm
258 2665 456 2713 eiusdem
474 2664 692 2730 Xylandri
723 2661 797 2710 sed
815 2660 967 2728 paffim
988 2682 1012 2711 a
1032 2669 1068 2712 F
1071 2659 1247 2711 ab⁷rotto
1268 2664 1497 2711 emendata
1518 2666 1889 2729 interpretatione
1917 2669 2054 2716 notis·

135 2749 235 2798 que,
270 2748 313 2781 et
331 2736 449 2782 notis
469 2731 793 2801 posterioribus
813 2729 951 2780 Iacobi
967 2735 1112 2788 Goari‚
1136 2730 1298 2849 qpiiblqs
1309 2732 1537 2797 Xylandr'r
1547 2734 1680 2783 etiam
1701 2733 1844 2785 verfio
1865 2750 1908 2785 et
1922 2752 2055 2852 neat-ae

1605 2842 1610 2846 -
1899 2820 1955 2869 pa
1990 2821 2054 2855 im
