2263 3027
213 104 323 156 702·
461 89 612 143 CAP.
652 88 789 142 mv.
857 69 1368 143 MAGISTRATVS
1415 83 1910 147 ROM‘ANORVM.

218 216 381 264 ordine
404 211 609 278 exposuit
630 214 974 262 Bartholomaeus
994 216 1258 263 Marlianus.
1295 218 1427 263 Rom.
1459 223 1600 277 1560.
1628 211 1713 264 fol.
1790 217 2050 266 Aecuratius
2071 220 2160 266 Ste-

209 285 371 352 phanus
394 284 609 330 Vinandus
628 283 805 348 Pighius
824 284 872 329 in
893 282 1124 336 annalibus
1147 281 1479 346 magistratuum
1504 300 1546 331 et
1565 284 1906 349 prouinciarum
1928 288 1966 331 S.
1980 287 2023 330 P.
2039 288 2163 348 QR.
2212 284 2215 285 ⁷

218 358 456 415 Antwerp.
490 357 628 412 1615.
654 348 736 398 fol.
766 365 809 397 et
829 352 945 398 varii
972 367 1082 414 tom.
1111 354 1185 399 XI.
1206 355 1370 410 Graev.
1399 369 1481 399 nec
1514 368 1608 398 non
1629 352 1838 417 Onufrius
1857 355 2090 400 Panuinius
2115 355 2162 404 iu

218 418 345 465 libris
369 421 424 467 V.
443 417 683 465 Fastorum
705 436 729 466 a
747 419 950 466 Romulo
970 436 1076 482 rege
1097 435 1240 483 vsque
1259 421 1312 467 ad
1333 422 1442 484 imp.
1467 419 1680 467 Carolum
1707 423 1763 467 V.
1783 417 1978 467 subiee'ca
1997 436 2167 484 appen-

219 487 383 533 dicein
407 503 492 549 qua
519 483 615 532 fasti
637 489 964 551 imperatorum
997 504 1040 535 et
1063 485 1296 535 consulum
1329 489 1686 542 ordinariorum,
1723 505 1745 535 a
1767 484 1948 536 Caesare
1979 486 2168 534 distato-
2235 536 2257 538 ff,

222 572 270 601 re
293 569 436 618 vsque
459 553 513 600 ad
534 552 828 602 Iustinianum
858 554 1130 618 Augustum,
1169 559 1236 604 M.
1268 559 1418 602 Verrii
1449 557 1609 602 Flaccii
1642 554 1899 603 Consularia
1924 570 1967 602 et
1979 558 2165 601 Trium-

218 622 371 686 phalia
399 619 672 683 fragmenta,
709 639 842 687 atque
874 625 1086 671 chronica
1114 624 1340 684 Caffiodori
1356 661 1367 679 ,
1418 624 1619 690 Prosperi
1632 658 1642 677 ,
1687 627 1850 671 Incerti
1888 620 2082 670 auctioris
2124 636 2168 669 et

219 690 473 739 Marcellini
482 693 667 747 Comitis,
680 695 841 739 Venet.
869 708 881 741 ι
899 706 954 754 55
965 690 1005 746 8'.
1019 689 1098 738 fol.
1114 707 1157 739 et
1170 690 1500 753 Heidelbergae
1518 692 1634 757 apud
1648 694 1760 738 Com
1770 693 1919 739 melin.
1931 709 1948 737 1
1965 699 2066 749 588.
2083 688 2165 739 fol.

221 755 404 805 Exstant
428 772 470 803 et
491 752 590 804 fasti
611 756 864 807 consulares
889 777 937 807 ac
955 760 1298 824 triumphorum
1321 757 1525 807 ustorum
1551 778 1574 806 a
1589 760 1787 806 Romulo
1809 773 1953 823 Vsque
1975 758 2028 805 ad
2051 762 2169 823 Imp.

220 823 464 872 Tiberium
491 824 694 874 illustrati
715 830 1041 874 commentario
1063 828 1205 875 Caroli
1224 830 1408 892 Szgonii,
1446 831 1603 875 Vener.
1628 831 1768 887 1556.
1791 823 1871 874 fol.
1893 842 1936 873 et
1957 829 2096 874 Tom.
2131 841 2167 874 ι.

222 896 430 958 Operum
452 895 547 940 eius
568 894 821 942 Mediolani
857 911 993 957 ¹732·
1014 891 1093 943 fol.
1117 891 1309 941 iunffim
1341 895 1581 942 editorum.
1651 893 1777 942 Alios
1809 892 1941 941 fastos
1972 891 2169 941 consula-

222 978 294 1008 res
317 977 458 1023 vsque
482 960 537 1008 ad
556 978 725 1008 annum
750 960 873 1008 vrbis
903 979 917 1008 1
936 976 1040 1021 107.
1069 979 1122 1009 ex
1147 963 1301 1010 codice
1327 966 1422 1009 MS.
1437 962 1556 1009 Bibl.
1582 952 1812 1009 Caesareae
1835 964 2037 1023 vulgauit
2056 965 2171 1008 Hen-
2254 981 2259 983 ·

218 1033 338 1080 ricus
358 1031 489 1074 Noris
510 1028 564 1075 ad
588 1030 752 1077 calcem
774 1030 880 1076 libri
900 1029 954 1076 de
974 1045 1094 1076 anno
1117 1046 1159 1076 et
1172 1031 1824 1093 EpuochisSyro-Macedonum
1841 1027 1961 1094 Lips.
1979 1047 1990 1076 ι
2006 1036 2168 1088 6964.

219 1095 418 1145 Eosdem
443 1096 545 1142 cum
569 1093 743 1143 Norifii
773 1094 865 1144 diff.
897 1095 951 1143 ad
984 1096 1086 1143 illos
1117 1092 1250 1143 fastos
1284 1112 1327 1142 et
1358 1096 1477 1142 illius
1505 1096 1691 1161 epistola
1724 1095 1972 1152 consulari,
2008 1097 2058 1144 in
2083 1113 2170 1160 qua
2245 1121 2250 1127 „

222 1179 278 1212 ex
300 1164 496 1227 antiquis
521 1158 891 1228 inscriptionibus
913 1177 956 1210 et
972 1163 1070 1210 aliis
1092 1165 1401 1210 monumentis
1426 1162 1648 1211 Onufrius
1671 1163 1689 1198 8
1714 1161 1903 1212 subinde
1923 1163 2168 1226 castigatur,

221 1230 359 1280 habes
425 1233 512 1277 iam
535 1232 581 1278 in
610 1246 738 1278 tomo
761 1235 835 1278 XI.
858 1228 1052 1278 thesauri
1068 1226 1329 1280 Graeuiani.
1403 1233 1515 1278 Non
1548 1230 1790 1279 omittendi
1819 1233 1954 1279 etiam
1977 1228 2073 1279 fasti
2096 1233 2170 1280 Li·
2251 1262 2253 1265 -

222 1300 345 1346 uiani
365 1301 406 1344 E
431 1315 478 1344 ae
498 1298 753 1361 Constantini
778 1298 1175 1361 Tremenfihroeder
1205 1297 1257 1346 ab
1284 1297 1397 1347 vrbe
1421 1300 1602 1346 condita
1630 1300 1684 1346 ad
1708 1315 1876 1346 annum
1903 1296 2030 1346 vrbis
2054 1311 2170 1362 742.

227 1366 405 1414 Gedani
434 1375 575 1428 1675.
597 1382 641 1430 4.
665 1382 708 1413 et
733 1383 844 1431 quae
866 1368 921 1415 de
943 1363 1176 1415 consulum
1199 1365 1464 1415 succeffione
1492 1364 1798 1415 constituenda
1818 1380 1862 1415 et
1879 1363 1992 1415 serie
2010 1383 2058 1414 ae
2089 1367 2170 1414 iio-

222 1433 422 1481 minibus
446 1448 492 1481 et
514 1434 886 1499 praenominibus
907 1450 1106 1482 accurate
1136 1434 1418 1502 exponendis
1454 1450 1733 1483 monuerunt
1755 1437 1962 1483 Antonius
1977 1436 2087 1501 Pagi
2116 1437 2170 1482 in

225 1500 317 1549 diff.
343 1504 570 1567 Hypatica
598 1502 687 1550 siue
716 1502 770 1551 de
792 1501 1048 1552 consulibus
1073 1500 1290 1551 Caesareis
1319 1503 1466 1566 Lugd.
1500 1511 1636 1562 1682.
1655 1519 1701 1566 4,
1769 1505 2022 1557 Barouka„
2047 1502 2171 1550 idem

224 1573 332 1636 Pagi
354 1585 397 1616 et
425 1571 593 1617 Samuel
608 1570 794 1636 Bafhage
826 1574 871 1619 in
905 1569 1161 1625 annalibus,
1206 1573 1492 1618 Tillemontius
1519 1573 1567 1620 in
1587 1570 1784 1624 ‘historia
1824 1572 2167 1635 imperatorum,

224 1640 442 1684 Henricus
462 1640 695 1686 Dodlvellus
717 1639 764 1686 in
792 1639 1091 1702 chronologia
1118 1637 1330 1703 Dionysii
1360 1635 1699 1694 Halicarnaffei‚
1736 1653 1786 1687 vt
1805 1636 1938 1686 fastos
1960 1636 2013 1685 ab
2035 1639 2170 1698 Aegi,-

228 1706 304 1751 dio
326 1707 574 1762 Eucherio,
611 1722 654 1754 et
685 1723 787 1754 cum
809 1709 1026 1754 chronico
1057 1704 1249 1753 Paschali
1282 1725 1304 1754 a
1335 1709 1506 1768 Cangio
1537 1709 1703 1761 editos,
1748 1711 1812 1753 10.
1842 1702 2168 1768 Cuspinianum

230 1773 430 1835 aliosque
450 1789 791 1836 praetereamus
866 1778 988 1822 Nam
1013 1775 1067 1822 de
1084 1774 1292 1822 Theodori
1307 1775 1490 1835 Iansonii
1508 1774 1774 1819 Almelouenii
1790 1768 1910 1818 fastis
1931 1768 2170 1819 consulari·
2261 1816 2263 1819 .

229 1833 625 1903 bus'duplicibuss
642 1841 755 1890 serie
776 1858 1039 1908 temporum
1066 1856 1111 1889 et
1139 1842 1298 1888 ordine
1321 1838 1546 1904 alphabeti
1567 1838 1746 1901 digestis
1775 1837 1978 1885 instituto
1999 1834 2170 1885 vtiliffi.

225 1923 330 1961 mo,
371 1905 614 1956 Amstelod.
653 1925 793 1972 1705-
818 1919 858 1966 8.
890 1912 977 1956 iam
1006 1910 1298 1956 meminimus
1318 1904 1448 1971 supra
1468 1925 1560 1972 cap.
1581 1909 1684 1953 VII.
1716 1905 1864 1971 quales
1889 1906 2011 1953 dedit
2033 1907 2169 1953 etiam
2213 1959 2221 1962 ,

225 1978 444 2023 Beniamin
468 1976 746 2022 Hederichius
779 1976 1044 2037 Witteberg.
1080 1990 1222 2036 1713.
1254 1985 1294 2031 8.
1327 1971 1401 2020 sed
1431 1979 1556 2021 annis
1579 1974 1704 2021 vrbis
1736 1973 1944 2021 conditae
1973 1990 2066 2020 non
2092 1973 2169 2020 ad·

228 2040 417 2105 scriptis.
490 2041 713 2109 Christoph.
733 2046 886 2089 Adami
904 2047 1091 2109 Ruperti
1121 2039 1218 2089 fasti
1246 2039 1516 2096 consulares,
1553 2058 1749 2106 quorum
1781 2043 1827 2088 in
1849 2040 2044 2089 Reinefii
2075 2042 2170 2106 epi·

229 2107 350 2157 stolis
370 2109 423 2156 ad
445 2125 549 2159 eum
570 2107 746 2175 scriptis
769 2127 812 2174 p.
835 2116 943 2170 663.
966 2111 1165 2167 mentio,
1207 2127 1299 2156 non
1325 2110 1536 2156 viderunt
1559 2111 1718 2157 lucem.
1787 2111 1954 2173 Neque
1972 2125 2167 2173 praeter·

227 2178 365 2225 eundi
393 2173 492 2223 sunt
522 2178 715 2226 Barthol.
747 2178 962 2225 Marliam·
989 2177 1184 2224 Annales
1212 2175 1477 2232 Consulum,
1514 2176 1799 2225 Distatorum
1827 2173 2168 2239 Censorumque

225 2248 539 2292 Romanorum
563 2261 705 2308 vsque
724 2245 778 2291 ad
797 2243 1040 2291 Tiberium
1066 2242 1294 2291 Caesarem
1317 2248 1485 2292 Romae
1517 2249 1656 2305 1560.
1678 2243 1757 2293 fol.
1799 2243 1990 2291 Huberti
2008 2245 2167 2290 Goltzii
2251 2258 2257 2262 ·

223 2311 340 2360 Fasti
373 2306 707 2374 magistratuum
741 2327 784 2359 et
813 2313 1158 2377 triumphorum
1190 2315 1503 2360 Romanorum
1540 2313 1593 2360 ab
1616 2315 1672 2359 V.
1706 2314 1754 2363 C.
1786 2311 1839 2359 ad
1859 2307 2046 2377 Augusti
2071 2309 2167 2358 obi-

228 2395 324 2427 tum
359 2396 413 2428 ex
443 2382 634 2444 antiquis
667 2395 754 2428 tam
791 2377 1109 2427 numismatum
1137 2395 1270 2444 quam
1311 2398 1592 2428 marmorum
1625 2380 1932 2428 monumentis
1962 2376 2166 2430 restituti.
2249 2438 2252 2441 Ι

225 2451 340 2495 Item
364 2448 599 2511 Catalogus
622 2446 866 2496 Consulum
893 2447 993 2513 post
1023 2448 1199 2495 obitum
1220 2447 1407 2509 Augusti
1436 2465 1578 2512 vsque
1607 2448 1663 2495 ad
1682 2447 1986 2494 Iustinianum.
2008 2448 2168 2508 Burgis

226 2516 459 2562 Flandror.
491 2515 626 2578 1566.
649 2513 729 2563 fol.
751 2531 794 2563 et
819 2521 1055 2580 Antwerp.
1090 2522 1232 2574 1617.
1257 2513 1336 2562 fol.
1412 2519 1538 2566 Petri
1566 2517 1744 2564 Relandi
1767 2512 1882 2562 Fasti
1914 2511 2166 2561 consulares
2238 2540 2246 2550 ·

226 2584 276 2627 in
297 2583 513 2631 Codicern
534 2583 904 2632 Theodosianum
943 2598 992 2642 et,
1011 2580 1362 2649 Iustinianeum‚
1402 2600 1517 2650 quos
1538 2583 1639 2650 post
1659 2583 1778 2630 Petri
1806 2579 1983 2629 obitum
2012 2581 2166 2644 vulga·

2098 2663 2166 2697 u1t

227 2788 264 2828 T
292 2731 307 2761 ³
327 2726 538 2828 O'nugium
567 2733 604 2773 in
629 2734 940 2837 pigegominibus
963 2733 1152 2780 addendis
1182 2733 1325 2792 saepius
1350 2733 1597 2785 hallucinari,
1624 2730 1771 2781 notauit
1798 2729 1915 2779 etiam
1935 2733 2167 2781 Sitmondus

265 2801 344 2831 0¹¹³·
371 2802 405 2832 1·
462 2801 527 2843 ΡΡξ
547 2802 632 2843 pag·
691 2802 710 2842 5
744 2822 751 2829 ·
