2263 3027
183 109 304 174 ‘744ss
797 109 806 122 ·
842 91 991 146 cap,
1026 91 1143 151 xv.
1209 90 1541 146 ivmcmt.

195 224 368 276 dicebat
387 222 493 272 teste
516 221 715 270 Luciano
743 234 856 269 tom.
890 234 926 271 t.
957 238 1059 287 pag.-
1082 233 1106 283 ’ς
1121 236 1183 283 53.
1213 221 1303 285 agit
1331 218 1552 269 Meursius
1573 217 1692 266 libro
1718 214 1954 281 singulari,
1989 218 2138 270 recuso
2180 218 2198 226 κ

191 311 320 345 tomo
346 310 383 356 ς.
405 294 609 356 antiquit.
636 294 846 338 Gronov.
869 291 1083 338 Seldenus
1106 294 1161 338 ΙΙ.
1183 307 1229 348 4.
1261 290 1316 338 de
1345 289 1532 354 Synedr.
1555 286 1655 353 pag.
1682 294 1771 350 136
1793 284 1854 352 sq.
1927 290 2141 352 Lydi-atus

191 365 246 412 ad
275 368 505 409 Marmora
529 371 688 407 'oxon
717 363 770 405 11.
803 376 849 424 p.
883 371 969 412 1055
998 356 1060 424 sq.
1129 363 1244 407 Sam.
1265 361 1431 406 Petitus
1452 357 1505 404 ad
1526 358 1647 418 leges
1672 358 1801 403 Attic.
1829 372 1927 421 pag.
1962 369 2052 414 2-41
2082 355 2154 421 sq?

190 431 471 480 Marffiainus
505 444 676 476 canone
708 428 868 476 chron.
901 446 944 493 p.
966 435 996 476 6
1005 443 1064 489 50
1094 424 1156 493 sq.
1227 428 1427 475 Andreas
1450 427 1679 472 Dinnerus
1714 423 1898 472 traslatu
1927 424 1983 470 de
2010 430 2146 471 Areo-

189 517 309 566 pago
341 498 557 545 Norimb.
590 504 727 547 1622.
752 514 797 561 4.
870 497 932 545 lo.
962 496 1141 545 Schedii
1170 493 1335 546 differt.
1377 493 1542 544 Witeb.
1572 500 1786 554 1677.⁴4.
1857 496 1979 540 Ioan.
2001 493 2145 539 Mich.

188 569 421 622 Dilherri,
470 571 561 619 len.
599 574 737 628 1640.
769 582 817 623 4.
891 567 997 613 Chr.
1028 566 1147 615 Frid.
1189 581 1284 613 von
1322 568 1507 613 Houen.
1554 559 1694 610 Hafn.
1730 569 1868 620 1708.
1944 557 2146 608 Pfeifferi

191 638 359 699 antiqu.
399 638 480 685 G'r.
523 653 622 699 pag.
654 648 744 695 271
783 631 845 698 sq.
913 637 1118 681 Potterus
1152 634 1230 682 lib.
1262 648 1301 682 1.
1338 630 1576 680 Archaeol.
1611 647 1702 693 cap.
1730 645 1804 687 19.
1841 646 1864 675 a
1889 645 1979 691 quo
2011 630 2146 675 etiam

190 706 272 754 alia
311 702 410 750 fora
442 704 680 752 etiiudicia
712 701 1074 756 Atheniensium,
1122 718 1163 749 et
1192 700 1390 749 afflones
1420 716 1510 746 tam
1540 698 1743 763 publicae
1778 713 1911 760 quam
1946 699 2144 761 priuatae
2232 737 2244 746 t

193 787 503 838 exponuntur.
576 769 911 836 Humphredus
933 771 1150 818 Prideaux
1175 787 1388 817 marmor.
1409 772 1559 815 Oxou.
1582 784 1680 831 pag.
1706 773 1799 830 348
1822 761 1914 828 sqq.
1984 768 2144 814 Frane.
2239 758 2251 763 Χ

191 839 380 889 Roufius
403 841 567 887 atticar.
590 840 796 901 antiquit.
819 837 896 884 lib.
920 856 958 903 3.
982 855 1074 903 cap.
1104 854 1142 898 3.
1166 835 1267 885 sest.
1291 852 1333 887 2.
1354 855 1451 902 pag.
1472 853 1490 883 1
1509 851 1570 897 ⁵4⁷
1584 832 1676 898 sqq.
1750 833 1865 880 Elias
1881 833 2145 880 Blancardus

191 923 322 957 tomo
344 925 390 966 4.
415 907 588 956 Histor.
617 906 753 954 Acad.
777 903 987 971 Inscript..
1015 924 1112 971 pag.
1151 921 1228 968 79.
1267 920 1310 952 et
1349 906 1598 969 Stephanus
1636 903 1692 948 de
1727 904 1922 965 Canaye
1942 903 2142 949 Memor.

191 977 408 1026 Academ.
448 972 653 1039 Inscript.
689 977 830 1020 Tom.
862 988 937 1023 10.
969 991 1067 1039 pag.
1099 977 1209 1034 276.
1241 970 1334 1036 sqq.
1407 970 1705 1027 Decifionum}
1727 970 2144 1034 Areopagiticarum
2234 1020 2241 1031 x

190 1043 394 1092 filunlam
435 1043 619 1105 collegit
665 1041 965 1104 Marquardus
1005 1042 1256 1097 Freherus,
1292 1036 1581 1086 Francofurti
1611 1037 1664 1084 ad
1693 1037 1890 1084 Oderam
1935 1045 2075 1099 {672¹
2100 1052 2146 1099 4.

191 1128 236 1160 et
268 1127 397 1158 tomo
432 1125 472 1171 5.
522 1107 719 1158 thesauri
762 1112 994 1169 Gronov„
1043 1111 1148 1153 Duo
1181 1122 1329 1154 autem
1367 1104 1701 1170 inAreopago
1743 1107 1953 1158 concilia,
2000 1122 2145 1152 vnum

192 1197 217 1228 e
238 1179 498 1244 quingentis
529 1179 607 1241 qui
637 1176 867 1222 annuatim
894 1174 1227 1236 deligebantur,
1266 1189 1309 1221 et
1334 1189 1607 1240 perpetuum
1640 1173 1853 1232 alterum,
1888 1173 1994 1219 vide
2022 1179 2146 1238 Apo-

191 1247 374 1295 stolium
395 1249 496 1292 VII.
527 1253 605 1300 80.
631 1242 847 1290 Prouerb.
918 1246 987 1289 De
1021 1242 1214 1290 Palladio
1255 1243 1422 1290 iudicio
1463 1241 1585 1289 idem
1619 1243 1722 1306 VII.
1744 1254 1822 1298 42.
1854 1240 1909 1286 de
1940 1243 2146 1306 Amphy-

192 1314 420 1363 stionibus
441 1315 521 1360 111.
542 1329 585 1372 4.
652 1314 724 1358 De
755 1311 922 1358 iudicio
947 1312 1182 1375 Prytanei‚
1223 1308 1312 1358 fiue
1334 1309 1438 1357 foro
1473 1307 1676 1359 ciuilium
1705 1305 1969 1365 cauffarum5
2015 1323 2058 1355 et
2091 1310 2147 1356 de
2240 1332 2242 1335 v

190 1382 360 1430 iudicio
391 1379 636 1429 Heliastico
672 1377 751 1426 sub
786 1379 862 1425 dio
898 1384 938 1409 ¹¹
972 1378 1307 1446 Amphyc‘ifionico
1336 1395 1379 1426 et
1406 1383 1646 1445 Areopago,
1685 1380 1732 1424 in
1765 1376 1927 1440 quibus
1957 1377 2147 1424 crimina

193 1451 396 1516 capitalia
418 1466 462 1497 et
481 1448 661 1514 publica
688 1444 1102 1510 cognoscebantur,
1139 1446 1363 1494 videndus
1390 1448 1646 1495 loachimus
1675 1446 1950 1508 Stephanu8‚
1988 1449 2147 1492 Pome-

194 1529 352 1584 tanus,
404 1520 434 1568 Ι.
461 1521 514 1563 V.
547 1519 603 1564 D.
636 1514 1037 1572 deffiurisdifflone
1059 1519 1342 1563 Graecorum
1373 1520 1512 1562 Tom.
1533 1518 1577 1561 6.
1611 1510 1806 1560 thesauri
1844 1514 2146 1571 Gronouhmi,

193 1587 319 1652 quod
338 1588 568 1649 integrum
589 1584 745 1632 recudi
766 1581 871 1631 effet
893 1601 1056 1649 operae
1077 1585 1302 1649 pretium,
1336 1584 1520 1645 vulgato
1543 1579 1751 1630 Francof.
1776 1583 1914 1645 1604.
1930 1588 1971 1637 8.
2001 1581 2056 1627 de
2081 1583 2146 1628 iu-

194 1657 313 1703 dicio
337 1655 627 1707 Iudaeorum,
663 1656 969 1705 Graecorum,
1008 1655 1320 1698 Romanorum
1354 1667 1397 1698 et
1424 1646 1842 1698 Ecclefiasticorum.
1907 1653 1978 1695 De
1998 1648 2146 1713 publi-

192 1723 256 1769 cis
280 1738 323 1770 et
344 1724 531 1786 priuatis
554 1722 733 1775 iudiciis
756 1737 887 1785 atque
908 1719 1160 1768 astionibus
1181 1719 1300 1784 apud
1323 1716 1619 1766 Athenienses
1641 1715 1900 1764 consulendi
1922 1716 2143 1762 Rheto‘res

195 1793 358 1838 Graeci
380 1806 423 1836 et
445 1807 555 1853 quae
585 1791 689 1835 Viri
722 1787 843 1835 dosii
879 1789 932 1834 ad
972 1789 1414 1852 Harpocrationem,
1460 1789 1650 1830 Ioannes
1685 1785 1792 1829 item
1821 1785 2025 1828 Potterus
2056 1788 2142 1829 Ar-
2231 1843 2234 1847 λ

194 1856 365 1904 chaeol.
389 1860 522 1903 Attic.
546 1856 621 1905 lib.
655 1874 691 1905 1.
728 1874 819 1921 cap.
843 1870 918 1918 23.
941 1853 1002 1920 sq.
1034 1870 1076 1902 et
1096 1859 1250 1901 Franc.
1271 1850 1459 1898 Rousius
1482 1853 1616 1899 Attic.
1645 1851 1780 1912 antiq.
1804 1848 1878 1897 lib.
1906 1864 1946 1909 3.
1981 1867 2070 1914 cap.
2102 1866 2140 1911 3„
2225 1880 2231 1885 -

194 1922 296 1972 sest.
325 1938 368 1984 5.
436 1927 506 1970 De
535 1924 900 1970 Lacedaemoniis
920 1925 998 1986 qui
1019 1922 1168 1968 nullos
1189 1935 1403 1984 patronos
1427 1916 1668 1964 cauffarum
1691 1915 2004 1971 admittebant,
2040 1920 2141 1972 Cra-

195 1993 295 2056 gius
318 1995 396 2037 lV.
419 2007 448 2050 7
471 1988 533 2053 sq.
601 1994 670 2037 De
701 1987 981 2054 προςοῖταις,
1022 1990 1101 2051 qui
1126 1988 1375 2050 inquilinos
1401 2001 1444 2031 et
1473 1988 1738 2050 peregrinos
1759 1984 1878 2048 apud
1898 1982 2143 2032 Athenien·

195 2058 261 2107 ses
284 2057 609 2113 defenderunt,
649 2059 755 2103 vide
786 2056 934 2102 iacobi
963 2053 1136 2101 Elsneri
1161 2051 1492 2100 obseruationes
1514 2051 1648 2099 sacras
1672 2069 1715 2116 p.
1738 2059 1815 2102 66.
1886 2055 1956 2098 De
1972 2053 2143 2114 testibus

195 2143 240 2175 et
261 2128 500 2190 testimoniis
521 2128 567 2171 in
589 2124 765 2171 iudiciis
779 2127 1060 2172 Graecorum
1081 2120 1332 2168 consulatur
1355 2119 1499 2167 Defid.
1514 2121 1742 2168 Heraldus
1753 2123 1828 2167 VI.
1845 2134 1886 2180 9.
1914 2137 1931 2170 1
1948 2135 1988 2178 Ι,
2006 2136 2049 2168 et
2066 2124 2140 2169 16.

194 2212 294 2262 pag.
324 2202 422 2259 436
446 2191 509 2258 lq
537 2201 633 2255 458
658 2190 749 2257 sqq.
774 2201 872 2256 487
898 2188 991 2255 sqq.
1020 2190 1471 2238 animaduersionum.

328 2333 427 2378 XII.
465 2332 534 2376 De
556 2328 733 2375 iudiciis
754 2329 1069 2374 Romanorum
1091 2322 1258 2374 exstant
1275 2323 1383 2372 libri
1412 2342 1450 2383 3.
1473 2323 1623 2371 Caroli
1643 2322 1818 2385 Sigonii
1835 2321 1889 2369 de
1911 2322 2146 2370 Romanae·
2216 2378 2220 2381 ⁸

197 2398 577 2464 iurisprudentiae
606 2397 797 2443 iudiciis.
821 2400 994 2442 Bonon.
1025 2410 1165 2456 1574.
1199 2391 1278 2440 fol.
1321 2410 1407 2440 vna
1438 2411 1541 2439 cum
1573 2392 1669 2439 aliis
1696 2388 1829 2456 ipsius
1859 2386 2054 2453 scriptis,
2095 2405 2139 2438 et

196 2468 348 2529 Lugd,
374 2475 511 2527 1576.
533 2462 611 2511 fol.
631 2460 837 2511 Francos.
864 2478 1002 2523 1593.
1023 2459 1101 2509 fol.
1123 2465 1305 2509 Hanov.
1342 2471 1474 2523 1609.
1496 2458 1576 2509 fol.
1599 2475 1729 2523 atque
1751 2458 1890 2504 Halae
1910 2460 2139 2506 Saxonum
2179 2475 2194 2486 ·

202 2538 343 2591 1716,
368 2542 409 2590 8.
444 2548 625 2580 curante
655 2531 906 2579 Christiano
931 2528 1176 2578 Thomafio
1200 2528 1359 2584 mcufi,
1400 2546 1443 2576 et
1470 2534 1526 2576 T.
1548 2531 1604 2576 II.
1626 2527 2141 2589 Antiquitatum-Roma·
2228 2546 2231 2549 ’

197 2616 370 2648 narum.
437 2604 491 2647 In
525 2600 687 2648 eodem
710 2616 840 2646 tomo
873 2613 1115 2646 occurrunt
1142 2597 1348 2644 Sibrandi
1369 2598 1558 2645 Tetardi
1578 2598 1795 2644 Siccam-ae
1826 2592 1931 2639 libri
1961 2594 2050 2641 duo
2082 2596 2139 2644 de

198 2667 376 2717 iudiciis
397 2667 794 2716 centumuiralibus
814 2667 996 2733 pridem
1019 2667 1128 2716 editi
1149 2663 1358 2715 Francof.
1382 2672 1525 2731 1596.
1550 2672 1593 2722 8.
1658 2666 1695 2712 F
1697 2656 1880 2726 rancisci
1907 2678 2018 2711 vero
2039 2664 2139 2711 Pol-

2056 2730 2135 2779 §eti

253 2820 289 2844 υ
319 2815 418 2860 viae
436 2809 665 2868 Schoiiasteu
688 2812 952 2869 Aristophanis
972 2815 1019 2857 aa
1043 2802 1137 2866 Νὲφ.
1167 2824 1205 2857 v.
1232 2811 1325 2862 860.
