2263 3027
514 64 1060 142 ''SCRIPTORES
1107 68 1552 128 SPECIALES.
1589 101 1591 103 ·
1918 92 2014 139 203

83 210 255 262 Galliae
288 206 454 256 veteris
484 220 529 254 et
555 197 978 258 recenant-xmae:
1012 196 1382 252 Dissertationum
1404 197 1718 250 historicarum
1747 212 1792 246 et
1825 214 2013 262 geogra-

84 281 319 346 phicarum
342 276 397 322 de
419 274 525 321 statu
545 268 710 320 veteris
728 268 907 318 'ualliae
955 269 1195 317 Auenione
1223 280 1362 329 1712.
1402 281 1476 318 12.
1532 281 1576 314 et
1609 267 1742 316 Gottl.
1775 271 2013 314 Wernsdor-

75 347 162 409 fius
185 346 257 392 hb.
279 342 393 405 sing&
407 344 463 390 de
480 338 708 405 republica
727 337 996 383 Galatarum.
1019 334 1236 382 Norimb.
1269 350 1402 398 1744.
1426 352 1471 398 4.
1541 334 1720 399 Qibus
1741 334 1874 382 adde:
1922 341 2011 381 An⁴

87 416 272 477 tiquitez
297 412 350 458 de
382 411 427 459 la
440 408 559 458 Ville
587 405 826 456 d'Amiens
855 421 937 469 par
957 405 1153 450 Mulier-e.
1194 401 1324 453 Paris.
1352 406 1491 461 1627.
1513 419 1559 466 4.
1647 404 1907 451 Recherche
1937 402 2014 449 des

87 482 349 544 Antiquitez
367 492 410 526 et
432 473 675 524 Curiofitez
695 473 750 521 de
772 474 813 519 la
825 471 945 520 Vill‘e
964 471 1018 518 de
1029 475 1166 534 Lyon
1189 487 1270 535 par
1290 474 1409 537 Spon.
1445 470 1587 532 Lugd.
1609 474 1748 532 1675.
1789 478 1830 527 8.
1924 474 2017 517 Do-

87 550 246 596 minici
271 547 328 594 de
353 544 541 591 Colonia
559 538 844 606 'antiquitates
871 538 997 586 vrbis
1027 537 1358 600 Lugdunensis,
1409 537 1619 586 historiae
1637 539 1872 585 litterariae
1897 542 2015 599 Lug-

90 612 273 664 dunenfi
292 612 461 676 gallice,
494 616 547 659 A.
564 612 764 671 1729.in
775 625 820 671 4.
846 607 991 669 Lugd.
1014 607 1174 660 editae,
1203 604 1482 671 praemissas:
1528 623 1572 654 et
1602 605 1856 656 deinde-ib.
1877 621 2016 668 1739.

87 681 268 743 seorsim
297 684 344 729 in
379 695 444 728 12.
492 675 674 730 recusas,
725 692 769 724 et
798 680 972 722 Antonii
1002 673 1196 733 Sambuci
1221 673 1390 720 librum
1410 674 1557 721 italico
1590 671 1798 721 sermone
1827 689 2016 737 compo-

40 792 44 794 *
89 750 239 797 fitum:
274 749 500 795 Memorie
529 744 713 792 Istorico
727 745 951 792 -Critiche
972 745 1158 795 intorno
1180 741 1399 806 all'antico
1423 745 1542 792 Stato
1563 742 1619 793 de
1632 744 1883 793 Cenomani
1900 759 1930 789 e.
1945 740 2016 789 dal

89 818 191 866 loro
210 813 391 866 confini.
434 816 610 863 Brixiae
637 828 695 879 17
703 827 778 874 50·
805 809 887 862 fol.

259 953 552 1000 Germaniam
586 953 813 1016 antiquam
847 950 970 999 idem
1001 950 1217 1019 Philippus
1252 950 1456 998 Cluuerus
1484 947 1629 1001 dedit,
1687 960 1732 995 et
1764 943 2018 1007 lingulatim

89 1034 315 1087 praeterea
347 1018 572 1088 descripsit
602 1020 902 1067 Vindeliciam
937 1034 981 1068 et
1000 1021 1252 1073 Noricum,
1291 1018 1437 1081 Lugd.
1459 1021 1547 1068 Bat.
1574 1022 1713 1079 1630.
1762 1023 1902 1076 1631.
1937 1009 2021 1057 fol.

91 1092 359 1137 Germaniae
388 1088 680 1136 Cluuerianae
707 1091 940 1153 epitomen
973 1086 1177 1134 {imiliter
1213 1085 1460 1144 elaborauit
1492 1087 1549 1130 Io.
1580 1087 1727 1138 Buno;
1776 1083 1898 1128 etin
1930 1080 2022 1125 hoc

92 1173 274 1220 quoque
306 1156 507 1202 Cluuerii
547 1153 1008 1222 opus·Holstenianae
1043 1153 1447 1204 animaduersiones
1477 1153 1704 1214 leguntur.
1761 1191 1765 1195 .
1809 1152 1890 1195 Iac.
1920 1151 2021 1194 Car.

92 1227 267 1290 Speneri
292 1225 450 1272 notitia
482 1226 753 1274 Germaniae
783 1225 990 1288 antiquae
1010 1241 1114 1271 cum
1144 1220 1386 1287 conspestu
1416 1222 1686 1268 Germaniae
1715 1218 1890 1274 mediae
1912 1230 2024 1280 pro-

95 1292 179 1338 diit
201 1292 339 1338 Halae
373 1306 513 1351 1717.
549 1305 594 1351 4.
703 1292 1038 1354 Compendium
1071 1293 1372 1355 geographiae
1398 1290 1562 1337 veteris
1579 1287 1848 1346 Germaniae
1875 1297 2023 1346 nuper

96 1360 241 1422 patrio
263 1355 468 1403 sermone
490 1356 631 1401 edidit
649 1358 736 1404 Vir
757 1358 871 1403 Clar.
893 1360 1005 1403 ioan.
1021 1361 1177 1404 Heium
1200 1358 1377 1417 Steffcns
1394 1358 1442 1402 in
1475 1355 1658 1403 historia
1679 1368 1885 1401 veterum
1908 1354 2024 1397 Ger-

98 1426 271 1470 maniae
305 1422 557 1469 incolarum
601 1419 844 1468 secundum
883 1419 1030 1469 classes
1074 1419 1170 1469 suas
1205 1424 1267 1470 in·
1290 1423 1563 1485 compendio
1606 1419 1814 1484 exposita.
1886 1416 2021 1463 Cellis

104 1505 242 1553 1752.
278 1498 321 1544 8.
390 1490 528 1535 Multi
559 1504 704 1553 partes
731 1488 972 1550 singulares
1004 1492 1272 1536 Germaniae
1302 1486 1404 1535 sunt
1433 1485 1704 1553 persequuti,
1742 1502 1792 1533 vt
1810 1481 2023 1533 Pruffiam

97 1557 414 1623 Christophorus
449 1557 789 1608 Hartlznochim,
842 1545 1038 1603 Silefiiim
1084 1558 1210 1601 Nicol.
1254 1557 1478 1609 Henelius,
1532 1552 1781 1602 Holsatiam
1822 1551 2024 1618 Casparm

97 1624 404 1683 Danrklverth‚
459 1625 713 1669 Carniolam
733 1626 845 1670 Iocm.
879 1626 1064 1669 Weikart
1085 1620 1319 1685 Valuaffor‚
1359 1622 1573 1669 Rhetiam
1597 1623 1792 1684 Aegidius
1818 1618 2025 1679 'Isthmius

98 1692 152 1740 de
170 1689 310 1757 prisca
329 1706 372 1738 et
390 1707 497 1737 vera
516 1691 681 1755 Alpina
708 1693 887 1746 Rhetia3
923 1693 1094 1738 Ioannes
1120 1692 1295 1752 Basilius
1315 1691 1529 1736 Heroldus
1556 1685 1743 1734 traRatu
1763 1687 1818 1734 de
1839 1689 2026 1733 Germa-

100 1763 197 1808 niae
218 1762 382 1816 veteris
413 1775 563 1815 verae,
606 1775 738 1823 quam
770 1774 965 1823 primam
1000 1774 1178 1811 vocant,
1215 1758 1326 1804 locis
1358 1753 1681 1819 antiquiffimis,
1718 1769 1761 1802 et
1793 1757 1840 1800 in
1868 1751 2024 1799 libello

100 1828 155 1875 de
183 1831 493 1874 Romanorum
526 1829 572 1872 in
596 1828 751 1873 Rhetia
774 1826 959 1872 littorali
990 1824 1262 1879 stationibus,
1308 1821 1380 1871 sed
1413 1840 1548 1888 quem
1581 1824 1733 1870 multis
1761 1820 2027 1869 nominibus

97 1892 420 1960 ineptiffimum
440 1891 524 1960 effe
542 1893 675 1941 sentit
697 1896 875 1940 Marcus
901 1894 1093 1954 ‘Velfhrus
1113 1910 1211 1957 pag.
1233 1909 1342 1955 407.
1381 1895 1503 1956 Opp.
1585 1902 1587 1905 ’
1605 1895 1808 1953 Vterque
1829 1888 2028 1946 Heroldi

101 1962 215 2010 liber
239 1961 373 2026 exstat
391 1966 448 2009 Tg
478 1966 508 2008 l.
546 1959 817 2026 scriptorum
849 1963 1161 2009 Germanicor.
1192 1964 1378 2008 Simonis
1405 1960 1612 2007 schardii.
1723 1958 1865 2021 Menfi)
1896 1959 2027 2004 Altin-

16 2063 18 2072 .
95 2036 218 2097 gius‚-
243 2031 338 2092 qui,
374 2029 545 2076 mediae
565 2027 825 2094 praesertim
857 2033 1005 2076 aetatis
1033 2026 1326 2094 scriptoribus
1351 2024 1575 2081 consultis,
1611 2023 1783 2077 summa
1816 2023 2031 2072 industria

105 2098 412 2145 concinnatam
439 2097 644 2143 exhibuit
668 2095 1017 2162 descriptionem
1040 2099 1136 2158 agri
1160 2101 1307 2143 Bataui
1328 2111 1370 2143 et
1392 2094 1532 2147 Frisii,
1576 2093 1665 2141 siue
1688 2096 1894 2141 notitiam
1916 2095 2034 2140 Get-

105 2166 278 2214 maniae
310 2160 538 2209 inferioris
579 2165 711 2211 cis-et
740 2164 857 2211 vltra
891 2166 1125 2218 Rhenum,
1185 2165 1347 2210 ordine
1382 2161 2031 2228 alphabetico.concinnatam,

107 2249 150 2280 et
169 2229 425 2278 illustratam
454 2230 614 2277 tabulis
640 2233 967 2296 geographicis,
1003 2234 1129 2279 cuius
1152 2249 1252 2295 pars
1281 2232 1410 2295 prior
1432 2230 1577 2277 lucem
1598 2226 1766 2295 aspexit
1789 2224 2033 2276 Amstelod.

115 2304 256 2359 1697.
290 2299 425 2345 altera
455 2312 590 2358 1701.
627 2296 708 2347 fol.
789 2300 875 2347 Sed
902 2317 1061 2347 omnes
1083 2314 1125 2346 et
1143 2298 1354 2361 singulm,
1391 2300 1471 2361 qui
1495 2312 1643 2362 partes
1661 2298 1929 2345 Germaniae
1950 2291 2032 2337 fin-

110 2367 280 2431 gulares
310 2362 570 2431 persequuti
594 2363 719 2421 sunt,
773 2365 1037 2432 percensere
1073 2368 1208 2414 nimis
1239 2362 1418 2413 fortasse
1450 2366 1640 2428 lo'ngum
1671 2362 1792 2411 foret
1822 2377 1870 2408 ac
1898 2359 2034 2406 taedii

109 2435 307 2500 plenum,
399 2433 737 2497 Geograph'iam
771 2437 1040 2483 Germaniae
1069 2435 1210 2483 medii
1238 2435 1336 2482 aeui
1362 2431 1463 2498 post
1492 2430 1736 2496 specimina
1765 2432 1812 2476 in
1842 2430 1932 2476 hoc
1961 2428 2035 2490 'ge-

113 2519 220 2560 nere
239 2498 420 2566 sparsim
443 2499 559 2547 edita
589 2499 642 2546 ab
663 2500 948 2549 illustriffimo
968 2501 1282 2566 Furstenbergio
1303 2504 1352 2547 in
1369 2500 1678 2546 monumentis
1698 2494 2034 2548 Paderbornew

113 2567 241 2623 fibns,
278 2570 464 2615 tertium
487 2566 630 2615 nitide
649 2566 807 2614 recufis
833 2584 1012 2616 curante
1036 2574 1086 2616 V.
1108 2573 1154 2616 C.
1189 2567 1397 2615 Euchario
1421 2560 1613 2614 Gottlieb
1633 2567 1777 2618 Rinck,
1819 2559 2037 2610 Norimb.

117 2649 258 2697 17¹3.
291 2653 337 2692 4.
438 2637 684 2699 Hermqnno
723 2635 973 2701 ConringiO,
1018 2640 1206 2684 Henrico
1235 2636 1483 2684 Meibomtb,
1520 2632 1697 2700 Caspare
1725 2635 1964 2698 Sagittario
1993 2641 2037 2675 et

115 2701 342 2767 Christiano
370 2703 587 2768 Franczfio
615 2704 818 2759 Patauino,
864 2720 911 2750 ac
934 2702 1034 2769 post
1062 2707 1171 2755 Ioan.
1197 2702 1328 2750 Nicol.
1361 2703 1567 2748 Her-tium
1597 2703 1646 2749 in
1680 2702 1838 2749 notitia
1872 2697 2037 2745 veteris·

164 2769 182 2790 ·'
407 2803 412 2806 -
1213 2771 1284 2824 Cc
1321 2783 1350 2817 2
1526 2815 1530 2819 ,
1852 2768 2039 2817 Germa·
