2263 3027
201 74 299 132 696
573 59 723 130 (341³.
765 62 902 117 xiv.
972 59 1262 113 POLITIA
1298 59 1760 139 GRAEconM.

203 197 380 246 tiorum,
417 194 586 244 Carum,
625 187 1041 254 Carthaginiensium,
1077 190 1372 246 Cataneorum‚
1393 189 1583 243 Ceorum,
1604 185 1920 249 Chalcidensium
1941 195 1983 236 in
1997 192 2137 247 Italia,

203 260 518 321 Chalcidensium
549 263 592 305 in
628 257 835 311 Thracia,
880 256 1106 314 Chiorum,
1152 254 1428 317 Cianmsium,
1464 257 1845 310 Clazomeniorum,
1882 259 2138 314 Cnidiorum,

204 328 565 393 Colophoniorum,
611 329 813 378 Coorum,
855 327 1210 386 Corcyraeorum,
1256 322 1597 378 Corinthiorum,
1634 325 2007 378 Crotoniataiwn,
2044 328 2142 371 Cre-

201 397 371 456 tenstum
391 430 404 450 ,
457 392 735 457 Cythniorum
754 425 765 446 ,
808 395 1098 458 Cypriorum,
1143 395 1456 453 Cyrenaeorum
1477 425 1506 444 ,.
1539 390 1759 437 Deliorum
1778 422 1789 442 ,
1836 391 2143 456 Delphicorum,

202 463 423 519 Eleorum,
458 461 836 527 Epidamneustum,
871 461 1173 526 Epirotarum,
1209 458 1566 522 Erythriensium,
1598 455 1882 519 Euboenstum,
1911 460 2144 517 Geloorum,

201 529 453 591 Gilensium,
490 525 917 586 He'racleonitarmn,
948 527 1265 588 Heraeensium,
1303 526 1636 588 Hestiaeenstum,
1676 527 2046 588 Himeraecnstum,
2079 528 2147 575 Ia-

193 612 378 664 pygum,
416 597 646 660 Istrensium
664 630 676 650 ,
720 596 1169 652 Lacedaemoniorum,
1203 591 1538 656 Larzffacorum,
1573 596 1893 645 Leontinorum,
1929 596 2149 640 Leucadio-

202 681 322 717 rum,
376 665 662 727 Locrcifium,
705 665 954 725 Lyciorum,
1004 662 1356 723 Mantincnstum,
1402 659 1767 723 Maſjaliotarum,
1825 663 2147 725 NIcgarenstum,
2181 658 2211 692 ”¹-

203 733 483 794 zlfcliensium,
537 731 890 793 Methonensium,
940 729 1228 791 Milesiorum,
1278 725 1551 790 Moloſjorum
1571 761 1583 782 ,
1631 729 1989 789 Mytilenaeorum
2007 766 2019 785 ,
2068 733 2150 775 Na-

200 805 375 846 xiorum
391 835 401 854 ,
448 800 726 862 Notiensium,
775 799 1088 864 Opuntiorum,
1137 797 1429 857 Oraeensium,
1472 796 1862 850 Orchomeniorum,
1903 799 2148 850 Pariorum,

201 870 502 922 Pelleniorum,
553 867 840 928 Phoccnsium,
879 864 1217 929 Rhegineifium,
1265 860 1551 916 Rhodiorum,
1599 865 1865 919 Samiorum,
1908 864 2152 921 Samothra-

201 952 318 989 cum,
361 939 674 998 Sicyoniorum,
721 930 1049 995 Sybaritarum,
1102 930 1491 992 Syracusanorum,
1543 933 1902 986 Dirautinorum,
1952 935 2152 996 Tegeata-

200 1019 323 1056 rum,
366 1002 667 1057 Tenediorum,
709 998 1053 1062 Tyrrhenorum,
1097 1001 1441 1043 Troezeniorum.
1512 994 1755 1060 Scripserat
1787 999 1840 1044 de
1871 999 2154 1063 rebuspubli-

201 1072 263 1118 cis
291 1071 422 1117 etiam
448 1073 611 1116 Critias
646 1066 703 1114 de
738 1063 1136 1130 quoCasaubonus
1162 1064 1215 1109 ad
1238 1064 1520 1109 Athenaeum
1551 1066 1625 1111 XI.
1654 1079 1696 1126 3.
1734 1062 1819 1112 nec
1837 1068 1987 1113 minus
2010 1070 2155 1113 Dicae-

200 1137 379 1192 archus,
410 1137 517 1184 vide
537 1151 649 1200 quae
673 1135 764 1180 viri
787 1130 909 1178 desti
929 1132 1275 1178 adrCiceronem
1299 1133 1354 1175 ΙΙ.
1379 1143 1409 1179 2
1430 1129 1564 1194 Epist.
1588 1132 1642 1177 ad
1664 1133 1877 1180 Atticum.
1949 1138 2074 1197 Qae
2097 1135 2153 1182 de

179 1202 483 1253 ‘Graecorum
508 1203 677 1268 politiis
699 1200 754 1247 acl
784 1199 949 1246 calcem
976 1197 1161 1244 Nicolai
1181 1199 1331 1258 Cragii
1353 1196 1407 1253 dhe
1428 1197 1659 1262 republica
1674 1201 2151 1256 Lacedaemoniorum,

201 1288 246 1320 et
269 1273 322 1320 ad
345 1273 510 1320 calcem
531 1270 701 1327 Variar.
723 1266 908 1315 Aelia'ni
928 1263 1217 1312 historiarum
1247 1267 1294 1311 in
1325 1267 1517 1329 antiquis
1543 1265 1820 1313 editionibus
1840 1268 2051 1341 leguntur
2073 1267 2152 1316 sub

200 1342 390 1389 nomine
410 1338 663 1385 Heraclidae
682 1335 883 1388 Pontici,
921 1351 1014 1381 non
1036 1332 1308 1397 respublicas
1331 1334 1526 1395 integras
1550 1331 1830 1389 describunt,
1865 1336 1939 1382 {ed
1961 1334 2156 1398 singulos

200 1407 421 1474 ‹juosdam
441 1408 553 1454 ritus
574 1404 650 1452 vel
678 1420 828 1451 mores
859 1400 1301 1466 rerumpublicarum
1332 1402 1611 1465 quarundam
1643 1403 1869 1452 adnotant.
1938 1404 2155 1452 Eiusdem

199 1477 378 1539 generis
398 1472 524 1532 sunt,
564 1489 676 1538 quae
711 1470 789 1519 sub
822 1471 949 1518 Nicol.
975 1466 1220 1531 Damasceni
1250 1471 1439 1516 nomine
1467 1470 1523 1517 de
1559 1468 1885 1536 rebuspublicis
1928 1464 2154 1532 leguntur,

201 1560 244 1592 et
267 1561 321 1592 ex
347 1543 526 1591 Stobaei
547 1538 754 1589 sermone
783 1553 847 1602 42
876 1534 977 1585 sunt
1007 1553 1241 1601 excerpta,
1281 1552 1415 1601 atque
1447 1535 1713 1586 ab‘Daniele
1745 1536 1933 1600 Heinsio
1961 1536 2156 1587 subiesta

201 1612 451 1678 praeclarae
474 1611 664 1658 editioni
688 1608 985 1656 Politicorum
1016 1603 1289 1660 AristoteliS,
1328 1620 1371 1652 et
1394 1602 1544 1652 recusa
1573 1621 1701 1653 tomo
1723 1610 1805 1653 VL
1829 1603 2022 1654 thesauri
2045 1608 2157 1654 anti-

204 1683 378 1743 quitatt.
400 1677 703 1728 Gronouiani.
772 1676 894 1722 Inter
917 1675 1189 1721 recentiores
1213 1671 1562 1720 Bartholomaeus
1586 1677 1924 1722 Keckermannus
1952 1677 1999 1720 in
2019 1672 2154 1736 syste-

202 1764 320 1793 mate
343 1745 630 1810 systematum
646 1743 764 1792 tom.
803 1759 840 1803 3.
873 1741 973 1807 post
1005 1758 1169 1806 corpus
1193 1741 1433 1806 politicum
1465 1741 1648 1800 exhibet
1679 1742 2018 1801 exercitationes
2053 1757 2156 1802 qua·

202 1830 306 1860 tuor
339 1817 382 1874 1)
407 1815 461 1860 de
485 1815 740 1878 principatu
761 1807 834 1857 seu
854 1811 1115 1857 monarchia
1134 1808 1365 1868 Persarum
1387 1807 1464 1869 (de
1490 1823 1573 1869 qua
1594 1804 1922 1866 diligentiiliine
1937 1807 2154 1853 Barnabas

202 1878 471 1939 Briffonius)
505 1883 556 1940 2)
577 1882 631 1927 de
655 1877 879 1940 sexaginta
910 1875 1168 1940 rebuspubl.
1194 1869 1370 1938 priscis,
1413 1874 1458 1918 in
1482 1890 1566 1936 qua
1596 1889 1690 1919 non
1716 1874 1898 1935 quidem
1923 1872 2056 1920 iustae
2077 1875 2153 1921 ha-

203 1966 306 1996 rum
331 1945 677 2010 descriptiones,
713 1944 787 1993 sed
813 1945 869 1990 de
899 1943 1080 2006 {iugulis
1114 1941 1355 1988 earundem
1387 1955 1503 1986 vnus
1535 1940 1701 1986 alterue
1725 1957 1823 1987 mos
1855 1941 1926 1986 vel
1962 1941 2033 1987 lex
2063 1959 2154 1989 vna

204 2016 371 2064 alterue
403 2029 647 2062 memorata
685 2011 936 2063 Aristoteli,
978 2008 1233 2061 Heraclidi,
1280 2009 1385 2055 Nic.
1421 2005 1718 2060 Damascene,
1766 2008 2151 2056 aKeckermanno

204 2083 401 2131 Politicis
435 2077 893 2129 animaduersionibus
924 2072 1162 2122 illustrata:
1218 2077 1265 2134 3)
1299 2076 1353 2120 de
1381 2075 1611 2138 republica
1644 2075 1896 2138 ,s‘lthenienseffl
1934 2092 1976 2122 et
2015 2080 2068 2137 4)
2097 2078 2152 2123 de

203 2154 421 2217 Spartana
447 2149 598 2215 paullo
627 2146 890 2209 diligentior
909 2142 1124 2191 traStatiO.
1195 2141 1296 2189 Post
1317 2142 1437 2189 hunc
1464 2141 1573 2189 ls‘bbo
1594 2145 1779 2190 Emmius
1808 2159 1917 2191 tom.
1943 2159 1984 2205 3.
2016 2147 2151 2191 Grae-

205 2223 296 2267 ciae
325 2220 523 2273 Veteris,
559 2213 740 2263 seorfim
763 2210 968 2277 pluribus
999 2209 1174 2257 vicibus
1194 2211 1335 2256 editae
1368 2226 1410 2256 et
1434 2225 1542 2256 tom.
1571 2227 1614 2268 4.
1646 2208 1838 2257 thesauri
1866 2212 2152 2259 Gronouiani

204 2283 383 2335 recusae
415 2281 640 2349 descripsit
681 2280 957 2347 respublicas
995 2279 1319 2340 Atheniensium,
1357 2280 1795 2332 Lacedaemoniorum,
1835 2278 2151 2342 Carthaginien-

192 2357 326 2419 sium,
363 2354 641 2415 Cretensium,
679 2354 973 2415 Argiuorum,
1024 2343 1339 2402 Thebanorum,
1389 2345 1729 2399 Corinthiorum,
1777 2345 2149 2410 Syracufiznorzcm,

187 2420 536 2486 'Corcyreorunu
580 2423 823 2468 Samiorum
841 2432 859 2464 ,⁰
930 2415 1164 2469 Chiorum,
1209 2415 1474 2462 Rhodiorum
1495 2449 1506 2469 ,
1549 2414 1810 2461 Achaeorum
1829 2450 1842 2469 ,
1893 2414 2151 2474 Aetolorum,

205 2493 498 2544 Acarnanum,
534 2489 676 2555 Epiri,
713 2484 1044 2546 Massilieiss'um,
1084 2498 1127 2529 et
1147 2484 1418 2543 Locrensium.
1486 2485 1557 2529 De
1578 2481 1807 2547 republica
1822 2479 2157 2545 Carthaginiensi

209 2557 389 2616 collegit
430 2556 648 2603 nonnulla
679 2556 728 2601 iu
759 2552 1028 2614 Carthagine
1063 2547 1137 2596 sua
1160 2546 1513 2615 Christophorus
1536 2550 1823 2604 Hendreich,
1859 2546 2065 2595 Francof.
2095 2549 2151 2602 ad

209 2623 407 2670 Oderam
435 2631 569 2684 ¹664.
596 2632 635 2679 8.
707 2623 792 2670 Cui
823 2619 954 2668 addas
980 2617 1182 2666 suffiores
1205 2617 1414 2666 historiae
1435 2615 1694 2666 vniuersalis
1715 2620 1771 2663 T.
1789 2618 1886 2661 XV.
1908 2632 2009 2679 pag.
2037 2630 2150 2678 223.

209 2691 595 2756 Interpretationis
616 2682 927 2740 Germaniccie.
994 2690 1064 2740 De
1084 2684 1425 2739 Atheniensium
1447 2684 1678 2754 republica
1694 2683 1801 2734 libri
1824 2685 1901 2731 IV.
1924 2685 2066 2732 Caroli
2088 2686 2152 2732 Si-

2026 2756 2156 2820 gonii
