2263 3027
726 48 820 102 DE
887 47 1114 102 SACRA
1183 19 1446 103 COEJNA.
1946 59 2046 115 156?

118 184 263 244 1376,
290 193 365 233 12.
382 174 595 229 Mantuae
625 193 642 226 ι
655 183 764 239 578,
785 189 856 226 12.
887 179 1095 224 Aemerici
1117 179 1413 244 Hennequindi
1429 177 1742 246 'interpretatio
1760 191 1928 232 rerum,
1941 193 2042 225 ver·

110 250 281 300 'borum
316 265 358 296 et
388 249 760 299 caerimoniarum
792 246 840 291 in
868 242 1012 295 Miffa.
1043 245 1174 297 Parifi
1212 263 1229 296 1
1242 258 1352 310 678,
1386 257 1431 304 8.
1467 248 1712 314 Augustinus
1741 249 1791 293 dc
1822 250 2042 302 Her-reret,

113 315 359 382 Hispanus,
381 320 422 364 S.
444 320 480 366 Ι,
509 316 564 363 de
586 315 762 375 origine
793 326 836 359 et
858 310 1093 376 progressu
1113 315 1160 360 in
1182 315 1372 362 Ecclesia
1403 316 1620 362 catholica
1648 317 1819 361 rituum
1847 329 1891 361 et
1911 314 2043 362 caeri-

113 387 388 442 moniarum,
407 400 518 449 quae
538 384 588 429 in
606 379 754 427 fausto
784 377 934 426 miffae
952 377 1164 428 sacrificio
1186 382 1467 430 adhibentur.
1483 381 1658 448 Hispali
1676 389 1815 440 1642,
1837 397 1883 446 4.
1924 383 2043 430 Idem

112 453 173 500 de
190 453 371 515 origine
393 467 436 499 et
452 445 688 516 ‘px-egressu
707 445 844 494 officii
862 447 1011 494 diuini
1030 449 1212 513 eiusque
1235 449 1600 498 obseruationum
1619 449 1953 498 catholicarum.
1981 448 2041 496 ib.

117 534 140 569 ι
153 529 263 582 644,
277 538 323 578 4.
355 517 609 579 Gramalaffi,
628 514 846 566 Dostoris
864 514 1115 570 Smbonici,
1134 516 1263 564 traite':
1285 520 1340 566 de
1359 520 1399 565 la
1421 516 1561 566 Messe
1581 536 1641 565 ou
1661 516 1753 565 l'on
1772 532 1935 565 trouve
1951 533 2042 565 une

114 587 388 652 explication
405 583 591 633 litterale
613 584 690 630 des
705 582 1002 632 Cerimonies0
1014 581 1143 631 Paris.
1163 600 1305 649 1713,
1328 602 1396 634 12.
1432 589 1557 634 Petri
1575 588 1614 632 le
1634 589 1758 633 Brun
1768 585 2044 650 explication

112 655 306 702 litterale
326 650 570 718 historique
591 665 636 702 et
658 651 947 716 dogmatique
970 652 1047 699 des
1078 654 1251 717 prietes
1277 668 1321 700 et
1350 654 1426 700 des
1449 655 1725 701 ceremonies
1749 653 1804 700 de
1841 652 1880 699 la
1900 649 2043 705 Meffe

112 719 245 769 Paris.
275 724 412 782 1716,
436 728 479 772 8.
516 734 709 784 quatuor
731 719 1056 768 voluminibus.
1095 722 1265 768 Gouldii
1286 722 1411 768 traite
1435 722 1496 768 du
1514 726 1555 769 S.
1572 719 1762 768 sacrifice
1772 720 1828 767 de
1846 719 1886 766 la
1900 717 2042 766 Mess'e

112 805 223 836 avec
243 788 539 853 l’explication
562 787 640 835 des
659 789 939 839 cerimonies.
961 784 1090 834 Paris.
1117 801 1258 848 1724,
1284 802 1358 840 12.
1406 793 1619 836 Dominio-i
1641 787 1819 852 Georgii
1838 787 1894 834 de
1913 787 2042 833 litun¹

111 858 187 920 gia
206 856 397 902 Romani
419 852 646 903 Pontificis
671 857 719 902 in
737 853 946 903 sollemni
966 854 1264 903 celebratione
1275 853 1738 903 missarumlibriduo.
1753 859 1886 906 Rom.
1900 870 1911 900 ι
1926 870 1984 915 73
2001 869 2040 912 τ,

111 939 160 984 4.
179 922 393 971 Βσηεᾱίἑὲι·
411 926 517 972 XIV.
544 927 591 972 P.
607 926 658 972 R.
682 925 1022 971 exercitationes
1040 923 1273 986 liturgicae
1283 924 1338 970 de
1350 923 1508 970 diuino
1521 920 1685 969 officio,
1697 925 1831 971 Rom.
1844 937 1860 969 t
1873 935 1981 981 754,
1995 936 2045 984 4:

111 993 179 1038 Ιο.
202 989 426 1037 Voifinius
445 1008 626 1056 quoque
643 1008 759 1057 opus
780 993 1063 1052 Liturgicum
1089 1005 1133 1042 2.
1159 993 1243 1039 vel.
1263 1007 1302 1052 3.
1330 992 1466 1038 tomis
1485 993 1533 1036 in
1555 987 1669 1036 folio
1692 989 1875 1035 molitus
1896 986 1957 1035 est
1977 1002 2038 1035 te-

111 1054 175 1106 ste
193 1059 323 1109 Rich.
344 1060 550 1106 Simonio
571 1063 627 1115 ΙΙ,
658 1074 733 1118 34.
752 1057 888 1124 Epist.
910 1056 1057 1107 sele&-
1079 1076 1122 1124 p.
1144 1072 1258 1121 225.
1277 1057 1354 1106 sed
1384 1059 1532 1106 luce-m
1553 1057 1677 1122 quod
1703 1053 1888 1119 sciamus
1923 1056 2043 1102 haud

108 1125 241 1172 vidit.
269 1129 339 1172 De
358 1128 535 1188 origine
551 1126 757 1188 liturgiae
777 1124 1087 1174 eucharisticae
1113 1124 1319 1174 vniuersa
1339 1142 1538 1174 accurate
1568 1123 1736 1172 disserit
1764 1127 1806 1173 S.
1835 1127 1893 1173 V.
1927 1126 2046 1171 Ioan.

111 1195 216 1257 Aug.
235 1193 396 1254 Ernesti
414 1196 462 1239 in
483 1196 842 1241 Antimuratorio
863 1211 906 1258 p.
929 1212 943 1240 ι
958 1203 1003 1244 6.
1026 1192 1262 1241 ostendens
1282 1212 1383 1259 pag.
1406 1210 1477 1253 ¹9·
1511 1209 1623 1247 tum,
1644 1209 1788 1256 quum
1807 1191 1942 1237 ardor
1952 1191 2045 1255 pri-

111 1258 251 1305 stix-tus
269 1259 498 1322 paullatim
517 1258 778 1315 refrixisset,
799 1263 846 1306 in
867 1275 1075 1323 tantaque
1096 1262 1387 1308 multitudine
1408 1278 1581 1314 eorum,
1602 1262 1681 1323 qui
1700 1258 1815 1305 sacra
1834 1255 2044 1311 facerent,
2104 1294 2107 1297 »

113 1341 357 1390 propagata
370 1325 694 1387 longe'lateque
715 1326 935 1386 religione
953 1326 1186 1372 christiana
1199 1328 1329 1372 multi
1347 1329 1671 1390 reperirentur,
1689 1342 1886 1388 quorum
1909 1325 2046 1370 nimis

114 1394 260 1438 tenuis
285 1386 467 1457 aldi-xpm
487 1389 613 1445 effer,
649 1393 843 1455 denique
866 1393 1076 1438 nonnulli
1103 1391 1346 1439 antistitum
1373 1394 1654 1456 eloquentiae
1682 1393 1876 1454 gloriam
1907 1392 2045 1438 nimis

110 1474 397 1522 appeterent,
432 1457 732 1506 formularum
751 1457 1015 1523 scriptarum
1044 1475 1086 1505 et
1110 1475 1330 1507 certarum
1363 1459 1733 1508 consuetudinem
1761 1474 1910 1505 natam
1943 1456 2046 1506 effe.

109 1525 289 1588 Qibus
312 1525 570 1573 austoribus
586 1525 778 1588 singulae
795 1541 941 1589 partes
964 1528 1011 1572 in
1034 1525 1165 1572 Miffa
1189 1543 1392 1591 receptae
1414 1526 1513 1580 fint,
1531 1542 1654 1573 notat
1669 1526 1865 1573 breuiter
1881 1530 2045 1572 Hono·

111 1595 205 1639 rius
230 1592 637 1654 Augustodunensss
660 1595 707 1640 in
720 1596 913 1641 Gemma
935 1593 1123 1639 Animae
1138 1593 1216 1647 Li.
1231 1610 1267 1641 c.
1284 1600 1464 1655 86—90.
1483 1598 1621 1640 Tom.
1638 1608 1712 1641 20.
1732 1593 2042 1641 BibLPatrum

108 1659 214 1708 edit.
235 1660 380 1721 Lugd.
398 1677 440 1724 p.
463 1671 583 1718 1058
608 1658 670 1723 sq.
708 1659 955 1707 Historiam
980 1657 1128 1708 miffae
1148 1661 1296 1708 italico
1318 1658 1526 1709 sermone
1549 1661 1689 1708 edidit
1699 1660 1940 1722 Francifius
1959 1663 2044 1708 Ar-

110 1728 258 1794 gelati,
277 1728 479 1774 Venetiis
500 1742 516 1774 1
529 1741 588 1786 74
602 1742 639 1788 ς,
688 1737 728 1779 8.
1205 1766 1209 1769 .
1875 1780 1883 1793 x

249 1797 320 1840 De
339 1811 501 1841 coenae
518 1796 798 1853 Dominstae„
819 1796 959 1860 qualis
981 1814 1003 1844 a
1023 1793 1200 1844 Christo
1221 1792 1318 1863 ipso
1339 1793 1439 1860 post
1457 1812 1643 1845 coenam
1664 1791 2047 1862 paschaleminsti·

117 1874 211 1907 tuta
229 1858 328 1914 fuit,
346 1862 506 1907 ritibus
527 1877 570 1909 et
589 1859 739 1910 forma
762 1879 899 1925 agunt
919 1864 1104 1930 Iofi’phm
1123 1865 1312 1928 Scaliger
1333 1863 1450 1910 libro
1473 1870 1516 1914 6.
1542 1865 1596 1912 de
1607 1865 1923 1912 emendatione
1935 1879 2047 1912 tem-

115 1943 286 1994 porum
305 1943 350 1991 p.
363 1941 458 1988 572
469 1926 534 1992 sq.
568 1932 738 1978 Paullus
757 1933 918 1996 Fagius
936 1931 990 1979 ad
1002 1936 1204 1993 Targum
1218 1931 1422 1979 Onkelos
1433 1935 1680 1982 Deuteron.
1693 1934 1819 1980 VIII.
1857 1935 1912 1980 Io,
1932 1936 2046 1979 Bane-³

116 1993 268 2058 torfius
283 1995 332 2040 in
351 1991 442 2042 diff.
462 1995 516 2042 de
537 2013 696 2046 coenae
719 1999 972 2046 dominicae
990 2001 1164 2064 primae
1196 1998 1355 2046 ritibus
1377 2015 1420 2047 et
1438 1993 1587 2049 forma
1600 2039 1613 2059 ‚
1645 2018 1756 2065 quae
1789 2013 1906 2047 extat
1926 2001 2047 2047 inter

118 2063 215 2111 eius
235 2058 552 2110 dissertationes
570 2065 1189 2129 Philologico-TheologicaS,
1210 2066 1292 2114 vbi
1311 2082 1353 2114 et
1362 2067 1597 2116 Vindiciae
1608 2070 1741 2116 huius
1752 2066 1962 2115 diatribes
1973 2067 2046 2113 ad-

116 2126 270 2178 uersus
290 2129 574 2177 Ludouicum
594 2134 826 2197 Capellum
847 2131 1156 2188 subiiciuntur‚
1223 2138 1408 2182 Huetius·
1433 2152 1480 2200 p.
1502 2144 1597 2197 276
1620 2134 1682 2199 sq.
1719 2136 2042 2183 Alnetanarum

118 2196 443 2262 quaestionum³
466 2197 638 2244 lacobus
658 2202 808 2263 Lydius
829 2203 876 2247 in
896 2200 1012 2249 sacra
1031 2219 1170 2250 coena
1194 2203 1516 2256 litteratorum,
1536 2204 1692 2250 Tomo
1723 2216 1791 2251 10.
1819 2199 2046 2248 falciculffl

120 2281 225 2311 rum
247 2266 413 2312 Crenii.
452 2265 689 2331 Rudolphm
710 2268 940 2317 Cudlvorth
962 2271 1009 2316 in
1031 2286 1137 2316 vera
1157 2266 1370 2316 sententia
1388 2267 1477 2316 siue
1499 2268 1622 2317 regio
1647 2271 1814 2317 iudicio
1843 2268 1896 2314 de
1907 2283 2047 2316 coena.

119 2334 325 2387 Domini,
345 2331 497 2378 libello
519 2333 694 2380 erudito
721 2336 909 2398 Anglice
927 2337 1063 2389 edim,
1084 2333 1163 2399 fol7
1212 2337 1271 2384 Io»
1301 2339 1476 2384 Owenus
1508 2355 1553 2402 p.
1576 2351 1675 2398 427
1696 2333 1757 2400 sq.
1779 2334 2049 2397 Theologu-

120 2417 303 2447 menon.
315 2400 556 2448 Richardns
567 2402 765 2449 Simonin
787 2404 1025 2456 colla-tione
1038 2404 1414 2451 caerimoniarum
1437 2406 1714 2451 Iudaicarum
1729 2419 1831 2450 cum
1842 2400 2049 2451 Ecclesia-

124 2465 252 2524 sticis,
269 2485 403 2532 quam
427 2469 594 2514 Leonis
613 2469 878 2516 Mutinensis
897 2471 1014 2518 libro
1036 2473 1091 2519 de
1114 2471 1276 2519 ritibus
1290 2470 1602 2518 Hebraeorum
1622 2474 1657 2517 is
1668 2468 1912 2523 subiunxit,
1935 2484 2049 2518 etex

124 2535 298 2599 Gallico
322 2536 479 2583 Latine
496 2538 633 2582 vertit
654 2540 716 2582 10.
737 2538 1000 2585 Valentinus
1022 2539 1404 2600 GrosgebaueruS.
1442 2538 1673 2605 Christoph.
1701 2537 2049 2602 Matth.Pfaffiu5

126 2601 175 2646 in
199 2599 292 2650 diff.
315 2603 369 2649 de
395 2603 620 2650 oblatione
640 2603 937 2652 Eucharistiae
961 2608 1007 2653 in
1027 2608 1260 2672 primitiua
1280 2602 1454 2653 ecclesia
1475 2604 1636 2663 vfitata,
1659 2623 1791 2671 quam
1816 2600 2048 2652 subiunxit

114 2663 385 2730 fragmentis
405 2674 450 2722 S.
469 2673 640 2723 Irenaei
660 2672 790 2724 editis
807 2676 965 2737 Hagae
991 2688 1131 2742 1715,
1158 2683 1202 2733 8.
1241 2676 1428 2790 Martgn.
1443 2672 1750 2730 Chladeniusin
1771 2670 1866 2724 diff.
1881 2672 1936 2722 de
1948 2688 2049 2788 νῖ-

1248 2745 1282 2790 Β
1298 2740 1326 2790 b
1405 2740 1432 2790 b
1464 2753 1501 2797 2
2009 2741 2050 2787 is
