2263 3027
874 98 1100 150 1NDEX
1149 96 1399 150 RERVM.

233 239 326 293 158
413 227 654 294 systemata
678 240 771 285 159

226 300 541 363 antiquitatum
588 293 722 341 studii
766 290 934 338 vtilitas
985 299 1076 350 169

230 366 344 433 spec.
367 369 536 412 rituum
547 367 774 409 Roman-ae
784 357 999 406 Ecclesiae
1011 355 1113 406 scri·

227 451 383 501 ptores
418 437 513 482 160
617 434 811 477 Graecae
843 429 950 474 item
993 434 1076 474 ⁸61

230 500 591 550 Christianorum
624 509 668 546 et
695 499 742 544 in
773 496 935 562 primis
955 497 1118 541 Roma-

228 587 313 619 nae
340 566 553 616 Ecclesiae
587 569 755 613 rituum
788 579 890 611 cum
914 562 1118 609 Ethnicis

232 656 282 687 ac
312 638 499 684 Iudaicis
529 634 846 682 conuenientia
876 633 968 692 164
988 627 1082 693 sqq.

233 704 586 754 Christianarum
598 701 910 765 antiquitatum
923 700 1118 762 Scripto-

234 791 305 821 res
341 768 608 819 miscellanei
648 773 733 829 167
843 763 1120 814 Christianae

231 839 447 889 Ecclesiae
470 841 580 886 ritus
604 838 766 884 ordine
778 835 1003 900 temporis
1026 848 1119 897 quo

234 909 441 957 obtinere
473 920 721 971 coeperunt
760 900 971 966 descripti
1009 900 1120 948 ibid.

234 975 452 1026 Ecclesiae
476 977 587 1021 vnio
617 989 710 1020 non
738 969 927 1017 soluitur
948 969 1120 1015 rituum

237 1043 530 1108 discrepantia
566 1047 652 1096 168
766 1034 1121 1086 Christianarum

236 1111 327 1160 siue
350 1107 747 1158 Ecclesiasticarum
785 1106 991 1167 antiquit.
1025 1103 1120 1150 the·

233 1178 384 1227 saurus
403 1178 648 1225 delineatus
681 1183 769 1234 169
791 1170 886 1236 sqq.
960 1168 1121 1220 funera

241 1263 364 1304 ¹025

169 1316 437 1367 Chronicon
457 1307 636 1359 Eusebii
669 1324 765 1371 232

238 1383 349 1432 ibid.
453 1378 679 1427 versiones
726 1392 856 1442 atque
896 1376 1119 1424 editiones

238 1465 336 1512 233
429 1449 695 1495 Chronicon
719 1449 783 1492 Io.
805 1445 992 1493 Malalae
1019 1456 1117 1505 235

237 1503 599 1569 Alexandrinum
629 1511 949 1561 fiue'Paschale
977 1510 1086 1558 ibid.

239 1587 433 1650 Georgii
469 1583 689 1631 Monachi
717 1589 814 1644 236
923 1576 1124 1646 Syncelli

240 1670 340 1718 237
443 1650 747 1716 Theophanis
784 1656 880 1713 238
988 1648 1124 1694 Nice-

237 1722 378 1789 phori
402 1736 501 1783 240
586 1718 778 1781 Georgii
797 1716 1018 1765 Monaehi
1040 1721 1122 1762 Ar-

240 1788 566 1838 chimandritae
585 1803 675 1846 24¹
745 1785 998 1851 Hippolyti
1014 1781 1124 1830 ibid.

243 1859 435 1919 Georgii
449 1856 644 1904 Cedreni
663 1853 772 1901 ibid.
842 1857 965 1900 Ioan.
977 1854 1121 1898 Zona·

241 1942 316 1972 rae
335 1938 432 1986 242
492 1923 820 1985 Mich.Glycae
837 1935 928 1980 243
1004 1922 1122 1966 Con-

241 1989 422 2039 stantini
437 1987 642 2036 Manaffis
665 1988 774 2036 ibid.
854 1988 1122 2035 Chronicon

243 2056 462 2106 orientale
485 2071 581 2119 247
654 2055 918 2102 Chronieon
938 2053 1123 2100 Samari·

239 2142 392 2173 tanum
415 2130 507 2185 248

175 2192 467 2253 Chronologi
510 2189 699 2236 Veteres
740 2200 842 2235 ante
878 2183 1123 2234 Eusebium

246 2275 345 2325 231·
425 2255 526 2324 post
544 2253 808 2307 Eusebium,
843 2255 1005 2302 Graeci
1028 2267 1119 2314 235

245 2329 398 2377 Latini
423 2341 517 2390 243
600 2324 752 2371 Iud-aei
779 2336 873 2385 245
954 2321 1124 2370 Arabes

243 2411 336 2460 245
364 2392 456 2459 sqq.
531 2393 805 2442 recentiores
835 2393 882 2437 in
903 2393 958 2437 V.
986 2405 1030 2437 et
1060 2391 1124 2436 N.

239 2462 363 2511 Test.
377 2469 472 2526 248
486 2458 580 2526 sqq.
649 2462 697 2508 in
707 2454 962 2506 vniuersam
977 2457 1121 2505 Chro-

241 2532 470 2592 nologiam
501 2544 597 2592 250
682 2526 972 2589 Chronologi
1002 2527 1122 2574 tech-

247 2601 335 2645 nici
363 2612 454 2655 251
547 2595 953 2656 Chronologorum
975 2595 1122 2642 variae

242 2665 483 2713 sententiae
512 2665 565 2712 de
584 2680 713 2715 anno
733 2663 976 2713 natiuitatis
994 2662 1123 2715 chri·

244 2733 298 2781 sti
320 2741 414 2795 256
432 2729 527 2800 sqq.

869 1306 1123 1371 fragmenta

872 219 1114 270 Christian.
1169 223 1481 285 Chronologia
1507 236 1560 269 vt
1587 221 1642 269 ad
1667 219 1900 270 historiam
1930 239 2117 282 omnem

1237 292 1297 337 ita
1327 291 1381 337 ad
1415 291 1687 356 antiquitatis
1715 289 1910 338 studium
1932 295 2120 357 requiri·

1239 373 1313 405 tur
1339 369 1424 420 183
1540 356 1613 405 Est
1633 358 1707 404 vel
1739 360 1941 406 technica
1959 361 2033 408 vel
2053 361 2121 408 hi·

1246 424 1406 473 storica
1429 439 1527 485 230
1596 426 1957 488 Chronologiam
1981 426 2122 475 histo-

1243 495 1381 540 ricam
1418 494 1497 558 qui
1535 494 1763 540 texuerint
1801 510 1857 540 ex
1893 494 2123 543 veteribus

1243 577 1346 610 ante
1367 558 1608 608 Eusebium
1643 573 1748 621 231*
1810 562 2126 626 chronologia

1241 633 1311 678 v,-
1334 645 1377 677 et
1398 631 1460 678 N,
1478 632 1536 676 T.
1564 637 1661 686 248
1733 626 1997 677 vniuersalis
2029 648 2053 676 2
2063 647 2126 693 50
2193 641 2199 647 '
2223 663 2226 667 ·

1245 697 1585 759 Chronologiae
1616 696 1846 744 technicae
1875 698 2125 763 Scriptores

1243 778 1275 818 2
1285 781 1340 826 51
1363 763 1456 829 sqq.
1534 764 1871 827 Chronologiae
1889 763 2125 814 historicae

1244 834 1342 880 idea
1371 835 1417 879 in
1450 835 1527 879 VI.
1551 831 1828 880 millenarios
1860 829 1998 880 diuisa
2027 848 2126 897 274

1243 897 1364 963 seqq.
1410 900 1773 963 Chronologicae
1795 901 2010 949 minutiae
2030 903 2126 949 non
2165 946 2168 947 γ

1240 964 1469 1015 sectandae
1501 983 1601 1032 254

1176 1033 1343 1082 Cibum
1375 1036 1598 1100 capientes
1632 1030 1769 1082 semel
1802 1033 1871 1084 bis
1903 1034 1987 1085 διο.
2042 1051 2127 1103 per

1245 1102 1366 1150 diem
1394 1109 1486 1163 878

1174 1174 1264 1219 Res
1285 1168 1447 1218 cibaria
1473 1185 1682 1218 veterum
1704 1175 1800 1231 872
1820 1164 1914 1233 sqq.

1178 1236 1330 1288 Cifrae
1359 1247 1461 1301 964
1941 1250 1954 1256 ¹

1177 1308 1317 1374 Oppi
1344 1321 1439 1369 334
1516 1372 1524 1382 ,

1175 1372 1409 1424 Circenses
1434 1371 1529 1420 ludi
1551 1378 1648 1428 989

1177 1440 1468 1492 Circumcisio
1499 1441 1771 1487 Iudaeorum
1796 1451 1893 1501 544
1963 1436 2019 1486 de
2039 1438 2126 1486 cul·

1244 1514 1323 1559 tris
1364 1506 1714 1558 circumcisionis
1741 1521 1785 1554 et
1813 1507 1909 1553 aliis
1937 1508 2125 1569 circum-

1243 1579 1410 1627 stantiis
1450 1579 1542 1636 546
1650 1575 1954 1621 Ethnicotum
1996 1587 2092 1635 547

1246 1648 1494 1696 mulierum
1517 1643 1622 1690 ibid.
1680 1642 2125 1689 Mohamedanorum
2209 1678 2215 1685 .

1252 1723 1347 1777 548
1460 1708 1752 1760 circumcisio
1791 1709 1910 1776 apud
1941 1708 2126 1758 Iudaeos

1247 1801 1331 1849 per
1354 1783 1510 1830 Laicos
1531 1778 1645 1827 fafi'ta
1677 1777 1785 1825 ibid.

1177 1851 1441 1918 Cistophori
1466 1858 1561 1909 448

1180 1921 1384 1967 Ciuitatis
1404 1921 1536 1963 Rom.
1557 1917 1624 1960 ius
1645 1926 1745 1971 724

1178 1987 1418 2034 Claudium
1438 1979 1647 2029 Museum
1668 1981 1840 2025 Romae
1859 1990 1953 2037 942

1179 2054 1338 2099 Claues
1362 2065 1489 2109 1014

1181 2120 1310 2166 Claui
1329 2115 1518 2165 vestium
1541 2129 1585 2162 et
1607 2127 1875 2178 mapparum
1896 2117 1995 2175 857

1183 2183 1456 2252 Clepsydrae
1485 2197 1605 2231 1012

1180 2255 1464 2302 clericorum
1485 2249 1626 2299 vestes
1655 2254 1746 2312 841

1182 2320 1347 2388 Clypei
1373 2328 1435 2378 86
1443 2339 1464 2381 ς

1183 2390 1395 2455 Cnephus
1423 2395 1519 2450 336

1179 2459 1432 2516 Coehleare-
1449 2471 1467 2506 1
1477 2473 1506 2504 0
1517 2470 1539 2505 1
1551 2469 1571 2505 1

1178 2522 1333 2574 Coctia
1355 2534 1451 2583 880

1179 2594 1437 2643 Coelibatus
1457 2590 1737 2643 sacerdotum
1759 2598 1855 2652 908

1180 2663 1462 2711 Coemeteria
1488 2678 1613 2714 extra
1631 2661 1790 2713 vrbem
1819 2668 1948 2721 1032

1181 2734 1332 2781 Coena
1360 2737 1456 2794 878
1548 2751 1551 2754 ·
2014 2792 2122 2836 Coe.
