2263 3027
217 127 309 188 378
474 119 624 172 CAP.
656 118 788 172 vm.
857 115 1374 170 CANONJSATIO·
1396 115 1862 187 SANCTORVM.

346 235 612 294 Pontificem
632 247 677 292 in
701 240 1043 299 canonisationis
1062 242 1242 290 decreto
1263 258 1358 292 non
1414 241 1502 290 offe
1523 246 1670 290 errare
1690 237 1914 307 disputant
1932 230 2145 289 Domini-²

215 332 292 362 cus
326 316 524 361 Grauina
555 311 882 377 Neapolitanus
914 312 962 357 in
993 311 1234 358 Catholicis
1265 328 1371 376 prae
1395 309 1692 376 criptionibus
1716 306 1923 357 aduersus
1943 305 2157 356 haereses
2225 345 2231 351 .

215 380 374 445 quaest.
397 384 452 426 V.
482 382 529 426 in
558 385 623 427 Io.
656 380 868 426 Thomae
899 378 955 426 de
984 377 1221 426 Rocaberti
1251 379 1526 426 Bibliotheca
1546 380 1740 424 maxima
1761 373 2016 430 Pontificia,
2052 374 2144 423 fine
2200 416 2205 422 .

213 448 479 496 colleffione
502 443 785 494 voluminosa
806 447 907 505 (21.
930 448 1049 493 enim
1073 448 1187 493 tomi
1207 443 1307 492 sunt
1334 444 1604 512 scriptorum
1632 443 1894 509 potestatem
1913 441 2144 491 Pontificis

213 515 551 564 defendentium
574 517 706 563 Rom.
728 519 875 574 1699..
892 510 1005 575 fol.)
1039 516 1194 561 Tomo
1210 516 1334 561 Vm.
1391 511 1663 577 Augustinus
1675 513 1961 576 Triumphus
1988 512 2042 562 de
2061 527 2144 576 po·

211 583 361 632 testate
379 581 669 631 Ecclefiastica
696 589 828 647 p.98.
874 578 1043 628 'Castro
1067 582 1194 627 Palao
1215 584 1273 626 T.
1297 596 1333 630 ῐ.
1355 597 1397 646 p.
1420 590 1525 642 338.
1546 581 1710 643 aliique
1739 577 1953 626 Ecclesiae
1974 581 2143 626 Roma·
2172 621 2179 630 .

212 670 296 700 nae
315 649 433 698 socii.
500 651 584 698 Sed
607 667 701 697 non
725 647 810 695 ausi
831 646 931 695 sunt
950 649 1038 695 hoc
1058 646 1136 694 sibi
1157 645 1332 694 sumere
1354 647 1434 712 ipsi
1457 645 1720 706 Pontifices,
1769 648 1847 711 qui
1872 660 1973 693 ante
1992 644 2143 694 aRum
2176 645 2178 647 ’

211 716 566 766 Canonisationis
586 718 697 764 olim
717 714 779 762 vfi
799 713 898 762 sunt
918 713 1123 762 sollemni
1145 713 1477 780 protestationis
1497 712 1706 767 formula,
1722 732 1854 778 quam
1877 712 1931 760 ei(
1944 711 2142 761 Christo·

210 789 348 852 phori
372 785 574 833 Marcelli
595 784 669 832 lib.
690 801 726 831 1.
750 784 804 831 de
826 781 986 831 Eccles.
1007 786 1138 829 Rom.
1160 781 1319 829 ritibus
1339 785 1438 846 (qui
1460 797 1574 847 opus
1592 778 1719 829 suum
1750 783 1894 829 Leoni
1913 785 1962 829 X.
1993 778 2144 828 inscri-

207 854 294 920 pfit
317 871 359 901 et
379 857 549 900 Romae
573 859 625 900 A.
645 870 662 898 1
678 856 782 907 516.
803 851 967 912 edidit)
986 849 1192 916 pluribus
1210 850 1320 896 locis
1339 849 1639 915 Epistolarum
1651 848 1844 908 suarum,
1861 865 1910 895 vt
1939 866 1982 913 p.
2000 853 2075 897 26.
2097 862 2142 895 et

214 938 236 982 ς
251 937 322 980 57.
346 923 447 969 edit.
471 920 617 968 Lond.
641 920 805 983 repetit
828 920 889 966 10.
912 920 1160 974 LaunoiuQ
1197 915 1400 964 obseruat
1422 920 1553 965 etiam
1576 919 1800 983 plenariae
1819 917 1991 980 Synodi
2006 912 2148 964 asten-⁴

209 987 257 1036 su
285 988 436 1043 fimul,
473 1005 566 1044 non
587 985 721 1043 solius
744 984 972 1032 Pontificis
994 984 1254 1032 auRoritate
1273 1002 1388 1050 opus
1408 983 1789 1040 fitiss'ethanstis
1812 986 1970 1048 aliquis
1991 999 2144 1031 accen·

208 1053 390 1103 seretur.
463 1054 673 1102 Formula
693 1051 1024 1118 protestationis
1036 1053 1141 1100 haec
1164 1051 1246 1099 est:
1269 1056 1504 1116 Antequam
1523 1054 1580 1099 ad
1590 1056 1982 1118 pronunciationem
2000 1056 2140 1098 venia-

208 1141 322 1179 mus,
347 1123 633 1189 protestamur
649 1120 806 1188 publice
832 1123 943 1187 apud
962 1137 1034 1167 vos
1046 1121 1308 1186 praesbntes,
1350 1123 1462 1182 quod
1472 1136 1555 1187 per
1576 1121 1682 1167 hunc
1700 1118 1840 1166 astum
1863 1119 2144 1180 Canonisbtio·

209 1197 273 1238 nis
285 1208 366 1238 non
377 1193 631 1237 intendimus
639 1190 804 1251 aliquid
808 1189 955 1253 facere
966 1190 1079 1250 quod
1073 1189 1134 1249 stt
1142 1200 1294 1234 contra
1300 1186 1443 1248 fidem,
1473 1201 1550 1233 ant
1560 1186 1814 1235 Catholicam
1831 1188 2043 1248 Ecclcstam
2058 1222 2067 1240 ‚
2084 1186 2144 1248 fi·

207 1276 260 1304 ue
278 1259 475 1305 honorem
498 1261 590 1304 Dei.
628 1257 745 1303 Vide
765 1258 911 1308 etiam,
942 1272 1053 1319 quae
1083 1255 1202 1302 idem
1230 1256 1457 1301 Launoins
1482 1272 1529 1318 p.
1557 1262 1620 1317 7'9
1642 1251 1701 1318 sq.
1723 1255 1778 1300 de
1797 1251 2152 1302 Canonisatione·

208 1322 430 1372 Ludouici
458 1324 719 1376 Alamandi,
760 1321 968 1386 praefidis
991 1321 1238 1368 Bafileenfis
1261 1322 1482 1378 Concilii,
1519 1338 1662 1384 aquo
1696 1320 1917 1384 depositus
1949 1317 2035 1365 fuit
2050 1320 2145 1367 'Eu-³

206 1395 364 1455 genius
392 1393 469 1440 [V.
491 1407 534 1437 et
554 1408 665 1454 quae
682 1386 889 1436 aduersus
908 1386 1044 1433 fidem
1077 1383 1462 1441 consecrationum
1480 1389 1529 1434 in
1554 1391 1683 1435 Rom.
1707 1385 1894 1434 Ecclesia
1917 1380 2142 1450 disputant

205 1464 254 1509 B.
283 1460 507 1507 Lutherus
536 1455 709 1521 scripto
739 1470 892 1503 contra
922 1465 1096 1502 nouum
1127 1455 1305 1502 Idolum
1328 1453 1553 1501 Misnense
1581 1458 1871 1516 (Bennonem
1893 1451 1938 1488 ⁶⁸
1959 1451 2139 1518 Episco-

205 1527 346 1593 pum)
364 1530 420 1574 T.
436 1543 476 1574 2.
501 1525 766 1586 Altenburg.
796 1541 839 1587 p.
862 1531 960 1583 780
980 1519 1042 1587 sq.
1126 1520 1435 1587 Hospinianus
1455 1523 1505 1568 dc
1532 1521 1650 1569 festis
1673 1521 2074 1586 Ch1·istianor.cap.
2097 1528 2139 1570 6.

205 1592 425 1642 Balthasar
445 1594 617 1656 Lydius
640 1595 759 1638 notis
779 1591 832 1637 ad
853 1588 997 1655 dispp.
1015 1588 1296 1646 Taboriticas
1324 1606 1367 1653 p.
1399 1605 1489 1648 150
1511 1589 1603 1653 sqq.
1635 1606 1678 1637 et
1700 1593 1732 1638 I.
1756 1590 1962 1636 Dallaeus
1985 1589 2037 1635 de
2061 1587 2140 1635 ob·

206 1661 322 1708 ieSlo
347 1661 488 1706 cultus
507 1657 700 1720 religiosi
725 1657 798 1703 lib.
811 1661 888 1703 ΙΙΙ.
914 1676 948 1704 c.
963 1673 1038 1703 21.
1077 1656 1201 1703 Olim
1228 1673 1321 1703 non
1341 1659 1531 1702 Romani
1554 1673 1724 1703 tantum
1739 1691 1749 1708 ‚
1785 1655 1857 1702 sed
1879 1671 1923 1702 et
1941 1657 2014 1701 alii
2034 1657 2141 1718 Epi·

206 1726 329 1792 scopi
351 1741 582 1792 poterant,
621 1722 886 1771 Sanffiorum
909 1720 1136 1777 consortio
1158 1721 1395 1770 defunfflms
1417 1724 1685 1778 vindicare;·
1709 1723 1812 1768 vide
1836 1724 1998 1768 Fen-din.
2021 1725 2140 1768 Men-

205 1798 335 1842 dozae
352 1809 478 1840 notas
501 1793 554 1839 ad
577 1791 747 1839 Concil.
771 1790 1030 1838 Illiberitan.
1054 1794 1110 1836 T.
1133 1807 1168 1839 1.
1188 1790 1356 1837 Labbei
1377 1806 1418 1856 p.
1450 1804 1500 1848 13
1520 1807 1529 1834 ι
1547 1799 1586 1841 8.
1608 1786 1612 1789 ’
1637 1790 1894 1850 Alteserram
1924 1790 1968 1833 in
1991 1788 2138 1835 vindi-

208 1865 285 1910 ciis
302 1859 618 1908 Ecclefiasticae
638 1856 959 1906 iurisdiffionis
981 1857 1117 1910 lib.2.
1152 1876 1186 1905 c.
1212 1875 1222 1906 ι
1246 1875 1280 1906 t.
1316 1872 1358 1903 ct
1391 1856 1465 1902 lib.
1485 1873 1554 1907 10.
1579 1873 1610 1903 c.
1632 1871 1704 1904 10.
1779 1855 2033 1902 Alexander
2059 1854 2138 1903 l'll.

204 1932 381 1996 primus
414 1930 619 1973 omnium
652 1924 793 1972 sanxit
815 1960 826 1980 ,
875 1943 969 1973 non
1004 1927 1139 1972 licere
1170 1923 1250 1971 nifi
1277 1923 1536 1970 augloritate
1559 1921 1777 1969 Ecclesiae
1799 1925 1850 1968 R.
1874 1919 2140 1969 defunRum

205 1999 443 2044 hominem
465 1992 727 2042 Sanfflzorum
751 1993 852 2039 albo
876 1991 1146 2048 adscribere,
1185 2008 1236 2039 vt
1274 2006 1398 2038 notat
1435 1992 1562 2053 Iustus
1593 1993 1848 2036 antam'nus
1892 2007 1930 2036 c.
1955 2006 2010 2049 13
2039 1987 2135 2053 sqq.

206 2065 261 2111 de
280 2068 464 2111 &Petro
492 2059 702 2113 Vrseolo‚
739 2060 819 2106 vbi
848 2060 1051 2124 exempla
1079 2061 1211 2123 plura
1238 2076 1396 2106 eoru-m
1423 2073 1522 2104 ante
1555 2058 1667 2103 illud
1696 2074 1873 2121 tempus
1903 2055 2060 2104 sanffls
2083 2055 2136 2104 ab

205 2129 440 2196 Episcopis
463 2129 536 2175 vel
558 2127 772 2192 Synodali
795 2127 1046 2173 celebritate
1071 2125 1390 2173 accenfitorum
1406 2160 1416 2179 ‚
1460 2129 1573 2189 Papa
1596 2128 1645 2173 R.
1670 2123 1933 2185 inconsulto.
2007 2124 2137 2171 Adde

203 2203 353 2247 franc.
366 2203 473 2262 Pagi
491 2198 602 2243 vitas
637 2193 907 2242 Pontificum
938 2198 1052 2241 T.2.
1085 2210 1128 2257 p,
1162 2202 1272 2244 260.
1345 2197 1492 2256 Qtare
1516 2194 1566 2238 ad
1591 2191 1734 2239 solum
1756 2190 2017 2240 Pontificem
2043 2189 2138 2256 spe·

205 2267 315 2322 stet,
355 2264 478 2329 quod
502 2263 754 2317 Alexander
771 2263 848 2311 Ill.
869 2258 1160 2308 Pontificibus
1180 2259 1443 2314 reseruauit,
1480 2258 1636 2306 smffis
1657 2261 1850 2324 aliquem
1876 2256 2135 2315 adscribere,

204 2333 459 2385 Alexander
478 2333 557 2380 Vl.
579 2333 782 2394 quinque
807 2328 1054 2376 rationibus
1077 2344 1262 2375 conatur
1295 2327 1524 2375 ostendere
1553 2329 1671 2392 apud
1699 2331 1918 2375 Bzouium
1937 2326 1990 2372 ad
2014 2334 2065 2373 A.
2087 2329 2136 2372 C.

211 2411 350 2464 1496.
388 2403 452 2446 N.
471 2413 545 2447 20.
565 2403 623 2445 T.
646 2406 716 2453 18.
740 2414 781 2460 p.
794 2403 905 2459 467.
988 2400 1196 2443 Ceterum
1228 2395 1315 2443 0530
1344 2402 1677 2462 praerogatiuae
1699 2394 1816 2447 sunt,
1851 2393 2012 2457 quibus
2032 2411 2136 2455 gau·-

204 2470 310 2521 dent
342 2465 581 2514 consecrati
606 2485 615 2512 z
650 2480 701 2511 vt
732 2462 865 2511 sanffl
895 2464 1177 2527 appellentur
1197 2498 1208 2517 ‚
1252 2478 1303 2510 vt
1342 2463 1601 2510 dedicentur
1631 2464 1683 2509 iis
1714 2463 1864 2509 altaria
1886 2476 1928 2507 et
1953 2461 2134 2525 templa,

204 2532 403 2583 officium
425 2533 643 2594 singulare
665 2548 707 2578 et
732 2532 845 2578 ordo
870 2528 1098 2578 sollemnis
1121 2528 1427 2589 consecretur,
1458 2531 1621 2595 quibus
1649 2547 1803 2576 eorum
1826 2520 2043 2574 memoria
2063 2544 2135 2574 co-

203 2601 310 2648 litur
331 2602 376 2644 in
398 2601 581 2646 Ecclesia
596 2636 608 2659 ‚
646 2600 920 2645 anathemata
940 2614 982 2644 et
1007 2599 1125 2645 dona
1148 2596 1261 2644 sacra
1284 2597 1544 2651 offerantur,
1568 2598 1771 2645 dicentur
1790 2593 1885 2642 festi
1909 2595 2012 2648 dies,
2028 2596 2135 2642 ima-

203 2683 262 2731 go
281 2682 440 2712 eorum
464 2668 674 2727 pingatur
697 2685 800 2713 cum
824 2666 996 2720 nimbo,
1017 2667 1229 2731 reliquiae
1253 2664 1424 2718 sanciae
1449 2682 1491 2714 et
1514 2668 1560 2712 in
1582 2667 1756 2712 honore
1776 2663 2032 2713 habeantur.

2036 2774 2040 2778 ,
2073 2732 2130 2777 In

257 2811 295 2842 ⁶⁸
326 2809 610 2856 Consti-Vitam
623 2812 818 2855 Denitonis
830 2812 1005 2871 scriptam
1026 2830 1047 2858 a
1068 2811 1242 2860 Martino
1254 2814 1526 2864 Heidenrekh,
1541 2813 1761 2868 editamque
1779 2811 1949 2854 Dresdae
1966 2810 2082 2867 1694.
2095 2812 2132 2858 8.
