2263 3027
224 87 729 153 HEBRAEORVM.
763 88 1212 146 GRAECORVM
1240 93 1343 190 ,ET
1378 50 1864 149 ROMANORVM.
1933 100 2030 162 339

92 217 333 265 rationibus
355 218 466 264 Ioan.
498 218 612 266 With.
635 220 881 284 Hilltgerus.
904 217 1087 266 Witteb.
1116 224 1257 282 1676.
1330 221 1493 285 Gottfr.
1515 215 1728 288 Zeibtjgiits
1749 221 1866 289 Lips
1894 240 2029 283 1705.

91 284 245 335 Abrah.
268 288 434 333 Alanus.
460 287 787 349 Aboae-41708.
857 287 982 332 Olaus
1014 288 1168 349 Celsius.
1201 285 1351 352 Vpsal.
1390 298 1532 350 1726.
1603 294 1671 337 De
1703 307 1833 339 more
1863 293 2033 339 velandi

91 355 294 415 virgines
319 369 361 401 et
383 355 593 421 mulieres
611 354 731 419 apud
755 352 988 401 Hebraeos
1007 358 1116 401 Sam.
1146 357 1262 404 Frid.
1291 356 1509 403 Bucherus
1531 359 1578 404 in
1602 356 1694 405 diff.
1724 360 1782 406 de
1811 360 1958 406 velato
1989 375 2032 409 et

91 419 300 468 concluso
335 421 652 470 Hebraeorum
681 425 936 484 Gynecaeo.
978 417 1159 471 Witteb.
1195 439 1316 482 1715
1348 440 1391 472 et
1418 432 1557 487 1716.
1588 441 1632 473 et
1661 426 1718 474 de
1746 429 1916 474 occulta
1938 432 2032 475 He-

91 489 330 537 braeorum
362 487 530 554 sponsa.
564 489 672 536 ibid.
699 490 798 535 eod.
834 506 879 537 et
910 493 957 537 in
995 491 1333 555 antiquitatibus
1364 493 1417 551 de
1445 493 1600 540 velatis
1619 512 1666 541 ac
1698 494 1912 542 conclusis
1937 499 2030 543 He-

89 555 330 604 braeorum
352 573 394 604 et
415 561 692 605 Graecorum
711 555 896 604 feminis
915 557 1129 612 Budissae,
1154 575 1292 621 1717.
1324 577 1394 608 12.
1466 558 1534 608 De
1554 562 1743 627 pellium
1767 559 2029 621 villosarum
2105 619 2107 621 ¹

87 622 168 671 vsu
189 628 235 672 in
258 625 517 672 vestimenta
535 625 640 671 vide
653 627 872 687 Erasinmn
894 627 1148 673 Schmidium
1170 629 1223 673 ad
1235 629 1394 674 Matth.
1409 631 1486 674 ΙΙΙ.
1506 644 1551 688 4.
1574 645 1618 677 et
1632 630 1741 676 alios
1761 625 2027 695 interpretes

85 693 140 739 ad
168 707 195 743 2
216 697 318 756 Reg.
334 697 363 740 1.
379 699 420 747 8.
457 693 621 742 Matth.
639 697 737 739 VII.
757 710 828 754 15.
849 709 892 740 et
915 693 1145 743 Hebr.XI.
1162 711 1234 752 37.
1303 698 1372 744 De
1394 695 1552 743 vestitu
1567 700 1835 744 Iudaeorum
1856 701 2029 746 recenti

84 776 248 819 aetate,
288 776 332 808 et
360 761 502 817 notis,
537 761 700 823 quibus
719 779 740 807 a
765 761 1027 809 Christianis
1059 759 1386 823 distinguantur
1417 765 1524 811 vide
1552 766 1799 811 Schudtium
1837 781 1947 814 tom.
1981 781 2028 817 2.

82 828 363 876 memorabil.
387 828 550 879 [udaie.
578 845 675 893 pag.
693 842 780 885 241
811 827 906 892 sqq.
974 832 1044 875 De
1067 846 1160 876 non
1185 830 1484 893 permutando
1508 829 1635 878 sexus
1657 832 1810 880 habitu
1832 851 1879 881 ac
1900 833 2030 881 vesti·

82 912 130 943 tu
162 894 423 944 consulendi
453 899 722 960 interpretes
751 896 806 943 ad
836 900 1081 943 Deuteron.
1116 901 1253 943 XXII.
1281 916 1321 957 ς.
1401 898 1685 963 Wageaefi’ilius
1705 900 1823 954 libro
1850 897 1905 948 de
1928 905 2027 949 No-

79 965 305 1027 rimberga
327 981 426 1028 pag.
458 978 545 1026 175
569 962 630 1027 sq.
701 967 760 1010 Io.
779 967 1010 1031 Spencerus
1040 964 1095 1011 de
1126 963 1300 1026 legibus
1332 964 1475 1011 Hebr.
1507 981 1616 1012 tom.
1644 981 1682 1014 1.
1721 984 1820 1032 pag.
1846 985 1937 1030 373
1962 968 2026 1034 sq.

79 1035 257 1079 Carolus
285 1035 531 1079 fridericus
562 1033 789 1085 Pezoldus,
829 1029 949 1097 Lips.
989 1047 1129 1093 1702.
1163 1047 1206 1079 et
1231 1032 1461 1079 Martinus
1483 1032 1645 1097 Haſjen,
1674 1034 1856 1083 Witteb.
1888 1052 2026 1100 1714.

77 1098 372 1163 singularibus
406 1098 569 1152 differt,
606 1100 822 1147 Matthias
856 1104 1153 1164 Berneggerus
1181 1099 1237 1147 ad
1267 1102 1416 1147 Taciti
1442 1103 1734 1168 Germaniam
1763 1101 1914 1167 quaest
1949 1113 2026 1162 89.

75 1170 234 1216 Pet'rus
261 1163 470 1216 Pimtimcs
501 1169 556 1215 ad
580 1171 720 1215 vitam
751 1168 950 1215 Theclae
970 1186 992 1214 a
1012 1166 1164 1214 Basilio
1197 1166 1460 1215 Seleucienfi
1485 1166 1693 1234 scriptam
1715 1187 1815 1235 pag.
1842 1180 1938 1234 387
1962 1170 2024 1236 sq.

75 1238 185 1283 Guil.
212 1241 467 1301 Beueregim
499 1237 554 1284 ad
583 1240 816 1284 Canonem
846 1238 966 1282 XIII.
997 1233 1307 1298 Gangrensem
1333 1253 1432 1300 pag.
1474 1244 1565 1303 186
1598 1235 1657 1301 sq.
1728 1240 1945 1301 Salmastus
1967 1241 2023 1287 ad

77 1305 414 1357 Tertullianum
447 1305 514 1350 de'
535 1305 687 1367 pallio.
774 1305 922 1348 Dauid
936 1303 1109 1350 Millius
1139 1301 1302 1349 differt.
1335 1301 1530 1354 selegi-ir.
1559 1321 1661 1368 pag.
1686 1318 1777 1356 201
1805 1304 1897 1368 sqq.
1919 1308 2023 1354 edit.

75 1387 233 1418 nouae.
303 1372 406 1416 Viri
436 1370 559 1430 doffi
584 1370 638 1417 ad
662 1371 830 1416 Laertii
851 1372 929 1415 ΙΙΙ.
954 1372 1032 1426 86.
1062 1385 1107 1418 et
1133 1373 1250 1418 Ioan.
1275 1373 1414 1418 Henr.
1437 1374 1584 1418 Maius
1614 1371 1691 1420 lib.
1718 1388 1762 1437 3.
1793 1371 1886 1421 obs.
1916 1371 2019 1423 sacr.

78 1455 180 1504 pag·
209 1454 314 1502 ¹43·

208 1572 265 1621 11.
305 1572 451 1637 Qod.
463 1572 517 1619 ad
540 1589 638 1622 rem
658 1573 909 1623 vestiariam
932 1575 1211 1621 Graecorum
1235 1575 1638 1639 Romanorumque
1657 1575 1834 1630 attinet,
1866 1578 2019 1642 primo

72 1639 175 1686 loco
206 1643 443 1688 nominare
474 1643 595 1690 iuuat
621 1644 776 1711 Iosephi
808 1644 1035 1688 Laurentii
1065 1640 1335 1688 collestanea
1356 1643 1515 1693 ordine·
1538 1643 1820 1708 alphabetico
1841 1645 2020 1707 digesta,

74 1724 185 1771 quae
205 1724 260 1754 ex
283 1709 724 1772 eius-philomathiae
757 1726 895 1773 opere
925 1708 1080 1755 recudi
1119 1712 1289 1757 curauit
1321 1708 1486 1756 Clariss'.
1518 1714 1784 1759 Gronouius
1817 1727 1946 1760 tomo
1973 1729 2019 1771 9.

72 1777 389 1838 antiquitatum
410 1779 698 1824 Graecarum.
774 1778 1024 1838 Egregium
1045 1776 1208 1824 deinde
1234 1794 1350 1842 opus
1379 1777 1440 1824 est
1458 1777 1627 1826 Οέῖαιιὶι·
1645 1782 1860 1834 Ferrarii,
1893 1783 2019 1828 cuius

76 1841 183 1888 libri
201 1840 369 1907 septem
395 1844 461 1909 de.
475 1861 524 1892 re
544 1843 767 1902 vestiaria,
805 1848 1115 1890 Romanorum
1139 1847 1347 1898 maxime,
1371 1862 1423 1892 ex
1445 1847 1643 1894 editione
1661 1851 1959 1909 Patav01654.
1972 1865 2020 1906 4.

4 1969 9 1972 ι
73 1926 185 1973 quae
208 1913 362 1972 priore
385 1917 434 1960 A.
465 1923 607 1975 1642.
636 1923 675 1965 3.
698 1912 859 1959 melior
882 1926 925 1957 et
948 1910 1119 1961 austior
1137 1911 1223 1971 est,
1267 1913 1457 1960 habetur
1479 1916 1613 1978 etiam
1634 1925 1762 1962 tomo
1785 1925 1826 1966 6.
1849 1914 2020 1963 thesau-

70 1980 110 2023 ri
144 1980 399 2028 Graeuiani.
468 1983 521 2027 In
561 1981 722 2028 eodem
762 1996 1005 2027 occurrunt
1042 1980 1241 2027 Ferrarii
1268 1981 1387 2028 illius
1419 1979 1613 2030 analefi'fa
1643 1983 1699 2042 de
1729 1989 1781 2030 re
1814 1982 2035 2031 vestiaria'

68 2049 216 2097 Patav.
244 2051 294 2092 A.
326 2053 463 2107 1670.
492 2049 671 2111 pridem
702 2050 908 2110 vulgata,
948 2047 1110 2112 quibus
1145 2050 1384 2113 impugnat
1407 2066 1456 2097 ea
1485 2067 1599 2114 quae
1621 2048 1850 2116 scripserat
1871 2050 2018 2099 Alber-

71 2126 140 2158 tus
167 2111 379 2160 Rubenius
412 2114 612 2179 Philippi
634 2115 751 2163 filius
783 2118 829 2163 in
851 2116 977 2163 libris
999 2115 1174 2163 duobus
1199 2118 1254 2164 de
1282 2135 1331 2164 re
1352 2116 1590 2165 vestiaria2'
1621 2136 1669 2166 ac
1700 2121 1940 2184 praecipue
1959 2119 2016 2166 de

70 2182 159 2227 lato
183 2182 320 2233 clauo,
347 2187 364 2222 3
392 2182 470 2244 qui
491 2185 690 2246 primum
706 2182 901 2231 Graeuio
925 2199 1104 2231 curante
1125 2184 1226 2250 post
1243 2183 1436 2231 auffioris
1456 2184 1543 2232 fata
1558 2190 1849 2250 Antwerpiae
1870 2185 2031 2234 excusi.
2053 2242 2058 2247 1

70 2246 172 2296 sunt
202 2253 290 2299 166
301 2265 338 2304 ς.
358 2264 403 2310 4.
435 2264 477 2295 et
507 2245 670 2298 deinde
687 2268 711 2297 a
732 2254 930 2299 Graeuio
952 2255 998 2298 in
1027 2267 1204 2297 tomum
1236 2253 1431 2299 eundem
1452 2260 1495 2299 6.
1517 2255 1830 2317 antiquitatum
1854 2258 2013 2300 Roma·
2048 2304 2053 2308 ,

69 2325 228 2364 narum
266 2319 459 2381 recepti,
496 2319 542 2363 in
563 2334 653 2380 quo
674 2321 804 2366 etiam
827 2320 1047 2366 habentur
1071 2321 1126 2365 Io'.
1150 2319 1358 2385 Bapz‘zstae
1384 2320 1515 2365 Donii
1534 2321 1589 2366 de
1615 2322 1801 2383 Vtraque
1829 2321 2014 2385 paenula

70 2380 309 2432 dissertatio
336 2382 463 2433 Paris.
496 2393 634 2448 1644.
660 2392 700 2441 8.
727 2402 770 2434 et
791 2387 982 2434 Bartholss
998 2386 1240 2438 Bartholini
1260 2389 1608 2433 commentarius
1635 2404 1721 2434 vna
1745 2405 1847 2434 cum
1871 2393 2012 2437 Henr.

14 2461 16 2463 ’
68 2455 223 2517 Ernstii
247 2452 431 2519 epistola
453 2451 653 2501 eiusdem
673 2458 925 2518 argumenti
948 2452 1145 2503 Hafniae
1175 2460 1228 2502 A.
1254 2461 1312 2504 16
1319 2469 1395 2517 55.
1421 2462 1461 2511 8.
1483 2457 1685 2520 primum
1707 2457 1864 2515 editus.
1917 2459 2012 2503 ³Vi-
2092 2518 2095 2520 ,

768 2541 771 2545 Δ
882 2539 885 2543 ·
1041 2523 1203 2586 Dela
1316 2529 1331 2535 ”
1697 2540 1887 2586 ,'.·
1955 2525 2011 2572 de

124 2647 139 2674 3
174 2643 343 2683 Eandem
365 2643 414 2684 de
436 2644 518 2684 lato
541 2645 652 2684 clauo
675 2643 897 2684 sententiam
920 2653 1085 2686 notatam
1104 2655 1198 2686 -ante
1216 2643 1433 2685 Rubenium
1462 2661 1484 2688 a
1514 2647 1569 2687 Io.
1590 2646 1853 2703 Kirchmanno
1875 2647 1923 2686 de
1948 2645 2011 2687 su·
2061 2674 2067 2680 -

69 2699 224 2737 neribus
247 2701 405 2746 Roman.
425 2700 487 2739 lib.
511 2714 544 2742 1.
567 2714 644 2752 cap.
669 2713 729 2741 10.
766 2714 900 2739 monet
931 2702 982 2740 Io.
1005 2702 1177 2741 Clericus
1209 2699 1298 2739 bibl.
1327 2711 1402 2745 vet.
1430 2713 1467 2741 e:
1499 2716 1585 2742 nov.
1619 2714 1711 2743 tom.
1738 2714 1802 2753 13.
1832 2717 1915 2756 pag.
1941 2701 2010 2756 55²

69 2754 179 2792 Certe
199 2754 482 2803 ,Kircbmannus
514 2755 623 2796 affert
647 2756 795 2796 Amalii
818 2765 861 2796 et
890 2757 1030 2797 Albani
1059 2756 1084 2796 s.
1116 2756 1270 2797 Alcuini
1289 2757 1395 2804 loca,
1441 2758 1580 2811 quibus
1613 2757 1710 2800 claui
1733 2757 1782 2798 de
1814 2758 1925 2798 lineis
1945 2770 2008 2797 ex-

65 2810 263 2861 plicantur.
