2263 3027
219 173 245 224 3
257 170 319 220 52
645 157 792 245 cap,
827 148 970 209 vm.
1025 155 1118 210 DE
1157 156 1276 210 ons
1311 154 1725 213 GALLORVM.

225 296 364 342 1751.
395 293 464 331 ¹2.
562 284 630 328 De
662 285 760 330 Diis
789 280 1105 348 Samogt‘taritm
1137 297 1482 348 ceterorumque
1528 282 1833 331 Sarmataritm
1867 282 2168 341 IoanLaficii,

215 350 399 401 Poloni,
437 353 756 397 commentatio
781 350 934 398 excusa
971 350 1032 399 est
1068 349 1251 400 Basileae
1279 355 1415 409 1615.
1438 369 1485 414 4.
1581 355 1650 398 De
1679 353 1778 398 Diis
1822 354 2039 399 Gallorum
2078 354 2166 414 agit

218 416 407 463 Iacobus
430 418 677 471 Martinus,
714 415 1048 473 Benedistixtus.
1087 421 1134 465 in
1169 418 1286 466 libro
1321 420 1498 466 erudito
1554 418 1610 465 de
1651 420 1890 481 Religione
1926 413 2165 467 Gallorum

220 484 312 542 (La
341 483 552 545 Religion
590 485 666 531 des
696 487 916 549 Gaulois)
954 484 1124 534 Parisiis
1150 503 1288 548 1727.
1325 504 1369 549 4.
1409 486 1576 536 2Voll.
1618 501 1661 533 et
1691 488 1915 534 Antonius
1937 488 2164 534 Banierius

215 551 413 614 mythol.
435 552 677 616 explicatae
700 554 805 600 Vol.
829 555 892 602 ll.'
907 558 948 602 P.
963 555 1016 603 ll.
1040 558 1093 602 L.
1111 554 1143 602 l.
1171 552 1332 616 quibus
1356 553 1457 600 add.
1479 557 1634 600 Petrus
1659 555 1870 601 Pithoeus
1892 559 1944 602 L.
1959 558 1992 600 I.
2013 554 2165 601 aduer-··

220 616 300 664 sar.
325 636 360 666 c.
383 633 421 678 3.
491 621 561 666 De
578 622 817 687 Moritasgo
836 624 936 670 Deo
961 622 1200 669 Gallorum
1222 616 1430 667 veterum
1445 621 1651 667 Thomas
1668 621 1895 669 Reinefius
1927 638 2025 686 pag.
2052 626 2161 681 683.

219 685 523 750 Epistolatum
541 689 594 734 ad
620 686 939 736 Hofmannum
956 724 966 743 ,
1002 704 1045 736 et
1066 690 1113 735 in
1141 685 1278 735 Classe
1301 689 1447 752 prima
1472 685 1818 753 inscriptionum
1841 705 2061 743 veterum,
2083 690 2161 734 vbi

220 755 415 817 perinde
447 770 496 800 vt
535 773 580 819 p.
604 765 632 806 6
643 771 714 817 32‘.
750 755 1071 822 Epistularum,
1123 756 1322 821 plurium
1354 756 1545 802 aliorum
1587 754 1840 819 priscorum
1872 755 2163 803 Deastrorum

221 823 444 868 memoria
476 826 672 870 occurrit
703 858 715 879 ,
769 825 1154 888 quemadmodum
1186 825 1233 870 in
1261 825 1446 872 Gruter}
1469 822 1754 887 Fabrettique
1781 822 2162 890 inscriptionibus,

220 903 265 935 et
296 891 344 936 in
373 889 524 935 Iacobi
551 893 709 955 Sponii
741 889 1037 939 Miscellaneis
1062 890 1258 938 eruditae
1282 892 1595 953 Antiquitatis,
1629 887 1730 939 sest.
1760 907 1798 952 3.
1823 908 1865 939 et
1893 894 1938 938 in
1961 891 2163 938 eiusdem
2228 919 2232 922 -

219 957 326 1003 Aris
353 953 647 1005 obscurorum
677 962 895 1007 Deorum.
940 959 1085 1021 Lugd.
1121 962 1276 1020 ²677?
1298 974 1341 1004 et
1373 962 1529 1004 Tomo
1553 955 1749 1021 septimo
1771 957 1963 1006 thesauri
1982 962 2164 1007 Grono-

219 1024 354 1069 uiani.
421 1028 606 1071 Dianam
628 1029 821 1074 maxime
843 1027 1003 1074 cultam
1028 1045 1049 1074 a
1072 1025 1208 1073 Celtis
1231 1024 1319 1072 siue
1341 1026 1482 1073 Gallis
1514 1024 1692 1072 testatur
1717 1028 1977 1074 Plutarchus
1999 1028 2053 1073 de
2073 1028 2162 1072 vir-

219 1090 391 1138 tutibus
413 1092 675 1150 mulierum,
712 1099 831 1160 Opp.
852 1100 908 1142 T.
930 1095 973 1140 ll.
994 1111 1038 1159 p.
1061 1106 1170 1152 257.
1276 1096 1344 1140 De
1381 1097 1520 1140 Diana
1549 1095 1780 1156 Arelatenfi
1801 1096 1897 1156 agit
1927 1098 2079 1140 Franc.
2108 1094 2163 1140 de

220 1158 393 1206 Rebatu
406 1163 462 1206 T.
487 1177 521 1209 ι.
544 1160 736 1208 thesauri
760 1163 980 1224 Sallengr.'
1049 1165 1118 1207 De
1142 1160 1342 1223 Nemausb
1364 1194 1374 1213 ‚
1420 1163 1574 1212 mum,
1609 1164 1836 1215 Anio-anto,
1878 1164 1915 1208 V
1912 1162 2049 1222 defixa,
2072 1162 2162 1220 Cull

216 1227 311 1272 lano
331 1229 481 1291 Scipio
506 1227 715 1276 Maffeius
741 1233 877 1294 antiq.
906 1229 1077 1277 Gal-liae
1108 1246 1151 1293 p.
1175 1244 1249 1287 25.
1354 1231 1422 1274 De
1453 1231 1547 1274 Dea
1578 1230 1721 1293 Epona
1753 1229 2017 1275 Harduinus
2046 1232 2104 1279 T.
2121 1241 2163 1278 2.

219 1294 465 1340 Concilior.
486 1313 530 1360 p.
546 1305 698 1360 '1046.
768 1301 838 1344 De
860 1297 932 1359 Est)
957 1297 1195 1344 Gallorum
1215 1294 1531 1356 Bibliotheque
1550 1293 1782 1355 Franqoise
1804 1300 1862 1342 T.
1884 1310 1953 1356 ¹4·
1989 1313 2033 1359 p.
2051 1312 2078 1341 2
2101 1294 2161 1358 sq.

215 1364 288 1407 De
318 1363 416 1407 Diis
451 1364 679 1428 Belgarum
719 1362 886 1410 differit
915 1362 1149 1410 Guilielm.
1184 1364 1430 1424 Musgraue
1460 1363 1508 1406 in
1539 1361 1694 1424 Belgio
1728 1363 1984 1410 Britannico
2020 1364 2162 1427 capite

217 1428 479 1476 vndecimo.
510 1451 513 1455 Δ
583 1442 585 1444 ’
1275 1431 1279 1454 ³
1438 1453 1441 1458 ¹
1544 1425 1549 1430 ’
1831 1466 1836 1470 .

349 1500 492 1543 XVII.
561 1501 630 1545 De
654 1500 751 1546 Diis
775 1500 995 1547 Gentium
1020 1495 1229 1547 Vniuerse
1258 1500 1422 1544 iterum
1456 1498 1708 1561 iterumque
1729 1497 1776 1543 in
1798 1499 1958 1563 primis
1979 1495 2157 1543 laudan-

218 1563 267 1610 di
297 1564 528 1611 duumuiri
558 1565 909 1629 praestantiffimi
935 1566 1163 1628 Gyraldus
1198 1580 1240 1611 et
1274 1564 1460 1614 Voffius.
1537 1571 1602 1612 Ac
1630 1566 1729 1610 Lilii
1760 1567 1941 1628 Gyraldi
1973 1564 2159 1628 qu'sdem

215 1627 493 1694 syntagmata
511 1635 651 1678 XVII.
694 1633 920 1680 Historiae
942 1637 1147 1679 Deorum
1182 1629 1415 1696 separatim
1448 1634 1651 1697 primum
1681 1628 1864 1680 Bafileae
1906 1643 2041 1693 1548.
2073 1628 2157 1678 fol.
2253 1676 2255 1689 .

212 1712 314 1745 tum
335 1701 451 1746 inter
473 1699 663 1762 Gyraldi
687 1704 838 1765 Opera
851 1699 965 1747 ibid.
998 1695 1233 1761 ¹581.-fol.
1257 1697 1405 1746 recusa
1422 1732 1432 1750 ,
1476 1717 1524 1745 ac
1555 1700 1751 1760 denique
1788 1701 1833 1744 in
1858 1700 2055 1745 editione
2085 1703 2160 1744 eo'-
2252 1705 2255 1747 ζ

214 1767 409 1813 rundem
432 1762 727 1831 locupletiore
748 1783 791 1814 et
812 1768 1032 1814 luculenta
1056 1783 1168 1830 quae
1191 1769 1245 1813 V.
1283 1769 1332 1813 C.
1362 1769 1527 1811 Ioanne
1557 1763 1696 1810 Ienfio
1721 1780 1900 1811 curante
1923 1764 2070 1810 lucem
2093 1765 2156 1810 vi-

211 1833 300 1892 dit,
336 1834 480 1896 Lugd.
503 1839 593 1883 ΒΜ.
621 1844 756 1893 1696.
779 1831 858 1882 ful.
884 1835 1167 1898 prodierunt.
1236 1831 1442 1898 Spectant
1476 1833 1564 1878 huc
1588 1828 1720 1878 etiam
1743 1833 1939 1879 eiusdem
1963 1830 2157 1893 Gyraldi

206 1900 484 1964 syntagmata
509 1902 563 1949 de
587 1903 786 1949 Hercule
809 1918 850 1948 et
872 1901 1022 1948 Mufis.
1058 1900 1253 1948 Getho.
1270 1901 1391 1961 Vqffii
1414 1900 1666 1946 immortale
1680 1900 1733 1945 de
1757 1900 2014 1946 Idololatria
2038 1915 2153 1962 opus

206 1972 375 2016 Grotio
412 1972 461 2016 in
482 1969 691 2034 Epistolis
717 1969 1128 2017 Remonstrantium
1165 1984 1209 2032 p.
1233 1974 1351 2030 767:
1421 1969 1588 2013 Voiitio
1629 1971 1686 2013 T.
1726 1982 1761 2023 1,.
1785 1964 1934 2014 selest.
1968 1983 2012 2030 p.
2045 1980 2155 2025 711.

201 2035 443 2084 Morhofio
470 2036 545 2085 lib.
578 2054 613 2086 ι.
643 2036 861 2102 polyhist.
883 2054 918 2088 c.
943 2051 1019 2086 21.
1052 2053 1106 2082 ex
1130 2038 1293 2082 merito
1323 2033 1594 2082 celebratum
1611 2070 1621 2087 ,
1664 2033 1878 2098 librisque
1902 2050 2070 2080 nouem
2091 2033 2155 2078 di·
2248 2047 2249 2057 ¹

203 2102 373 2157 uisum,
411 2102 646 2152 subiunsto
679 2097 975 2150 Maimonidia
1014 2102 1131 2149 libro
1161 2102 1216 2150 de
1248 2102 1498 2148 idololatria
1532 2118 1633 2148 cum
1665 2101 1874 2166 Dionysii
1908 2098 2047 2147 Voffii
2068 2100 2152 2146 Fil.

184 2170 412 2222 .versione
433 2187 475 2217 et
509 2175 627 2218 notis
658 2173 832 2236 prodiit
862 2173 1066 2235 primum
1102 2171 1330 2232 integrum
1362 2168 1607 2217 Amstelod.
1643 2172 1782 2224 1668.
1805 2167 1886 2217 fol.
1959 2171 2080 2214 Nam
2104 2169 2152 2215 in

204 2240 406 2285 editione
431 2238 566 2285 Amst.
596 2249 734 2296 1642.
755 2255 799 2302 4.
824 2239 973 2303 primi
1004 2254 1178 2285 tantum
1212 2252 1401 2301 quatuor
1429 2237 1532 2283 libri
1555 2251 1596 2283 et
1630 2238 1779 2283 minus
1811 2234 2054 2299 locupletes
2078 2236 2150 2280 ha-

200 2305 379 2353 bentur.
443 2306 532 2352 Sed
560 2320 706 2352 totum
750 2307 1020 2356 recuderunt
1044 2303 1192 2351 forma
1224 2320 1374 2368 quarta
1412 2301 1819 2369 FrancofurtenseS.
1893 2299 2149 2348 Nouiffime

196 2375 318 2420 inter
342 2377 493 2438 Opera
516 2371 656 2419 Voffit
688 2376 853 2427 iterum
885 2374 1001 2419 vidit
1031 2373 1176 2419 lucem
1198 2376 1352 2419 Tomo
1377 2375 1431 2420 V.
1465 2370 1709 2422 Amstelod.
1748 2386 1887 2432 ¹70¹·
1911 2366 1989 2414 fol.
2062 2371 2149 2415 His
2242 2388 2243 2391 ¹

200 2441 380 2487 duobus
399 2440 689 2487 vberioribus
709 2440 941 2505 Operibus
961 2441 1070 2487 haec
1093 2441 1270 2486 minora
1292 2455 1428 2503 opera
1452 2454 1494 2487 et
1527 2439 1797 2503 compendia
1815 2435 2030 2486 subiicere
2052 2436 2152 2481 lice·
2238 2494 2242 2501 ἡ

198 2521 242 2552 at
276 2508 520 2554 Melchioris
554 2507 730 2555 Barlaei
767 2507 823 2555 de
852 2509 952 2555 Diis
985 2509 1189 2570 gentium
1217 2506 1357 2553 libros
1379 2524 1480 2554 tres.
1513 2514 1740 2570 Antwerp.
1773 2512 1911 2566 1562.
1936 2512 1976 2558 8.
2061 2504 2150 2548 Wil-
2240 2549 2241 2559 χ

199 2573 324 2632 helmi
344 2574 770 2639 KingiLhistoricam
794 2577 1100 2628 narrationem
1122 2575 1364 2637 gentilium
1396 2575 1587 2621 deorum
1612 2589 1741 2637 atque
1768 2573 1983 2623 heroum,
2023 2571 2148 2616 cuius
2239 2583 2241 2598 ἐ

201 2654 356 2702 quarta
380 2641 515 2687 editio
539 2645 710 2706 prodiit
734 2643 938 2691 Londini
965 2650 1104 2706 1726.
1174 2643 1365 2691 Andreae
1396 2645 1542 2689 Toolu'i
1570 2641 1798 2687 Pantheon
1817 2671 1828 2691 ,
1863 2638 1987 2705 quod
2010 2638 2150 2684 vnde-
2236 2699 2237 2704 1

202 2708 317 2753 eima
340 2707 437 2752 vice
459 2707 658 2755 recusum
683 2709 743 2756 est
762 2711 965 2759 Londini
995 2723 1133 2770 1729.
1157 2718 1201 2767 8.
1271 2710 1482 2771 francifii
1501 2712 1652 2770 Pomey
1673 2709 1714 2754 S.
1740 2709 1772 2753 I.
1786 2706 2021 2752 Pantheon
2044 2707 2152 2767 My-

203 2774 380 2823 thicum
397 2770 472 2824 seu
492 2773 754 2825 Fabulosam
778 2781 989 2828 Deorum
1010 2781 1295 2829 Graecorum
1333 2778 1528 2827 maxime
1560 2790 1605 2826 et
1628 2777 1958 2825 ‘Romanorum
1995 2770 2150 2819 Histo-

594 2862 598 2866 ·
696 2848 702 2865 ·'
904 2854 908 2858 ·
1681 2856 1683 2861 ’
2020 2840 2151 2894 tiam,
