2263 3027
677 103 1053 164 VARIARVM
1088 101 1440 158 GENTIVM.
1933 104 2034 164 795

77 241 297 293 nieorum
317 236 546 304 scriptura.
567 234 786 284 Holmiae
813 244 954 292 1743.
976 242 1025 293 4.
1085 234 1156 278 De
1184 247 1324 278 numo
1349 230 1539 278 Vizonis
1566 225 1887 276 Obotritorum
1910 226 2026 288 regis

84 306 194 356 vide
215 313 268 356 A.
290 310 339 354 E.
368 320 508 368 1724.
535 322 634 370 pag.
652 318 764 366 412.
836 299 1041 348 Andreae
1059 301 1304 354 Fontaine,
1355 299 1516 363 equitis
1549 298 1727 350 Aurati‚
1763 292 2027 342 numismata

87 379 298 424 Saxonica
318 391 362 423 et
383 373 746 425 Dauo-Saxonica
769 370 1018 430 iunguntur
1039 369 1232 429 Georgii
1255 366 1460 414 Hickefii
1496 364 1622 412 libris
1644 377 1692 416 2.
1722 364 1928 426 antiquae
1960 363 2030 408 lit-

87 459 309 491 teraturae
328 439 688 507 septentrionalis
711 440 862 484 Oxon.
891 450 1030 495 1705.
1052 433 1130 484 fol.
1161 437 1239 499 qui
1266 437 1398 482 etiam
1419 433 1641 480 videndus
1672 433 1717 478 in
1750 428 2032 495 dissiepisto-

88 511 173 558 lari
191 527 236 575 p.
266 527 359 569 109
380 507 444 573 sq.
519 511 671 554 Notae
689 521 802 551 vero
828 504 881 551 ad
902 520 1067 551 numos
1089 503 1500 565 Anglo-Saxonicos
1526 498 1744 548 subiessae
1773 495 2033 563 conspes'tui

91 580 244 644 operis
276 575 531 624 Hickesiani
561 593 583 621 a
604 579 825 621 Wottono
856 572 965 619 editi
987 571 1135 619 Lond.
1161 580 1302 629 1708.
1326 581 1369 627 8.
1438 574 1616 634 Operae
1641 568 1837 633 pretium
1862 580 2031 631 praete·

89 664 165 694 rea
185 644 247 692 est
265 646 421 693 videre
439 660 549 706 quae
586 641 640 689 de
672 643 821 688 nuruis
862 641 1114 694 Saxonicis,
1148 640 1532 703 ffizgksszxonicis,
1569 635 1814 683 Hibernicis
1835 650 1878 680 et
1899 636 2034 680 Rum'·

91 719 150 761 cis
172 711 340 778 scripsit
361 712 574 758 Nicolaus
601 710 799 757 Kederus
821 706 1111 756 Holmiensis.
1188 707 1403 754 Similiter
1438 707 1493 753 de
1524 706 1673 753 numis
1700 707 1873 750 Danicis
1903 715 2035 764 agere

91 780 283 829 instituit
310 781 513 827 Thomas
536 778 758 825 Broderus
783 775 1121 828 Bircherodius‚
1158 772 1353 821 Hafniae
1383 788 1519 835 ¹701.
1544 789 1590 836 4.
1659 775 1728 818 De
1763 771 1909 818 numis
1941 765 2037 832 scy-

13 872 19 876 ·
90 849 240 914 phatis
264 847 700 903 Nordmannorum,
736 861 850 908 quos
881 844 1024 906 vulgo
1056 840 1555 906 megetibogextsd2t‘ifilein
1591 838 1842 904 appellant,
1880 833 2035 883 consu·

92 917 210 963 latur
232 915 401 963 Daniel.
425 915 746 977 Ringmacheri
766 910 973 959 trastatus
995 909 1444 974 historico-politicus
1469 908 1523 954 de
1544 909 1721 960 numis,
1755 904 1835 951 vbi
1859 901 2038 950 insimul

95 984 338 1031 ventilatur
351 981 562 1047 quaestio,
582 983 637 1030 de
658 981 797 1044 vulgo
820 981 875 1028 sic
897 979 1026 1029 diffis
1048 978 1233 1042 guttulis
1250 976 1337 1025 siue
1358 976 1530 1041 patellis
1552 975 1690 1020 iridis.
1706 969 1976 1037 Lips.1725.
1992 986 2039 1033 4.

95 1053 219 1099 Ioan.
243 1050 403 1102 Christ.
418 1051 610 1098 Hedleri
634 1051 822 1098 diatribe
844 1050 1043 1098 Berolini
1064 1062 1205 1109 1730.
1224 1062 1269 1110 4.
1292 1046 1422 1101 edita,
1453 1058 1496 1091 et
1521 1045 1643 1089 Ioan.
1666 1038 2042 1088 AlexandriDoe-

94 1118 261 1166 derlini
288 1116 612 1167 dissertationes
636 1118 896 1185 epistolares
921 1119 1064 1165 binae.
1094 1114 1283 1163 Suobaci
1313 1128 1453 1177 1739.
1481 1110 1722 1172 euulgatae.
1799 1110 1869 1154 De
1888 1103 2042 1153 solidis

97 1188 334 1249 argenteiS,
353 1202 397 1233 et
416 1188 558 1235 aureis
584 1187 712 1234 libris
735 1201 779 1234 et
800 1189 992 1236 denariis
1015 1199 1220 1233 veterum
1243 1186 1520 1230 Francorum
1538 1213 1548 1233 ‚
1585 1175 1852 1225 Sirmondus
1872 1189 1981 1222 tom.
1996 1188 2044 1230 4.

97 1270 210 1319 opp.
240 1251 321 1301 fol.
341 1268 438 1314 727
467 1252 530 1318 sq.
563 1271 605 1302 et
629 1256 670 1302 le
699 1257 863 1304 Cointe
895 1271 1005 1303 tom.
1032 1270 1074 1317 3.
1115 1270 1215 1318 pag.
1238 1255 1304 1300 60
1326 1247 1419 1314 sqq.
1446 1256 1521 1306 80.
1546 1250 1643 1306 667
1666 1242 1760 1308 sqq.
1831 1245 2046 1290 Ceterum

98 1338 197 1370 non
221 1321 275 1368 de
287 1323 489 1367 Franciae
509 1324 647 1368 modo
668 1319 742 1367 sed
765 1338 808 1368 et
823 1324 923 1369 aliis
938 1320 1279 1370 numismatibus
1296 1315 1515 1380 sequioris
1535 1315 1644 1367 aeui,
1666 1325 1762 1359 tum
1783 1312 1831 1356 in
1855 1310 2045 1360 Oriente

101 1403 201 1436 tum
226 1389 274 1434 in
297 1387 569 1446 Occidente,
604 1386 813 1449 singulari
835 1389 1069 1451 diligentia
1088 1385 1257 1436 differit
1277 1384 1463 1432 Carolus
1482 1382 1542 1429 du
1566 1377 1731 1428 Fresne
1750 1376 1840 1425 fiue
1850 1377 2047 1438 Cangius

101 1455 150 1503 5¹¹
173 1451 381 1516 gIOffal‘iO
403 1455 565 1511 latim,
603 1456 673 1502 cui
692 1456 973 1519 adiungenda
994 1454 1094 1504 sunt
1114 1472 1226 1520 quae
1248 1450 1440 1518 disputat
1468 1450 1511 1497 le
1537 1449 1669 1497 Blanc
1693 1448 1742 1494 in
1762 1443 1951 1496 'historia
1971 1458 2047 1491 nuo

99 1520 363 1577 mismatum
384 1524 616 1576 Franciae,
652 1520 780 1569 Paris.
810 1530 950 1583 1690.
971 1540 1016 1588 4.
1052 1519 1293 1583 1703.-fol.
1315 1517 1452 1569 Amst.
1481 1524 1620 1573 1692.
1644 1533 1687 1574 4.
1709 1529 1753 1563 et
1766 1512 1951 1562 Gabriel
1963 1513 2051 1560 Da·

100 1590 197 1640 niel
215 1591 264 1636 in
290 1587 383 1637 diff.
414 1590 469 1638 de
505 1587 847 1638 numismatibus
875 1590 1193 1639 Theodoberti
1221 1589 1384 1654 primi,
1419 1586 1537 1649 regis
1556 1585 1771 1632 Franciae
1807 1579 2051 1629 Orientalis

100 1671 150 1706 et
169 1657 414 1704 Clodouaei
435 1660 629 1723 nepotis.
699 1659 830 1706 Adde
849 1660 1049 1708 Danielis
1083 1658 1312 1706 historiam
1345 1655 1559 1703 Franciae
1589 1667 1698 1699 tom.
1724 1667 1764 1698 1.
1795 1666 1840 1715 p.
1863 1663 1954 1707 471
1982 1643 2048 1712 sq.

104 1723 283 1772 Claudii
305 1728 536 1772 Boterouii
557 1728 879 1786 (Bouteroue)
904 1728 1185 1775 Recherches
1215 1720 1435 1773 curieuses
1462 1722 1539 1768 des
1561 1723 1793 1782 Monoyes
1815 1716 1871 1763 de
1883 1719 1919 1762 F
1921 1731 2051 1762 rance

105 1792 266 1859 depuis
288 1792 330 1839 le
340 1794 748 1841 Commencement
773 1795 828 1839 de
847 1794 887 1840 la
908 1795 1191 1842 Monarchie.
1212 1788 1341 1840 Paris.
1369 1793 1508 1840 1666.
1531 1785 1614 1837 fol·
1682 1786 1874 1833 Hautini
1896 1785 2054 1830 Τῐῑὶίῐὸ

105 1860 184 1907 des
214 1859 469 1916 Medailles,
505 1860 621 1907 liber
650 1861 851 1907 eruditus
891 1858 975 1915 est,
1026 1859 1214 1925 scriptus
1253 1858 1426 1909 saeculo
1456 1859 1577 1903 XVI.
1618 1851 1696 1902 sub
1728 1853 1935 1900 Henrico
1973 1850 2055 1904 ΙΙΙ.

105 1926 280 1976 Galliae
299 1929 443 1988 Rege,
475 1924 551 1975 sed
569 1925 848 1992 suppreffus,
883 1945 1019 1992 quem
1042 1943 1272 1992 nunquam
1305 1927 1475 1974 editum
1501 1920 1585 1970 ess’e
1619 1934 1842 1969 memorat
1862 1918 2054 1966 Morlie·

109 1995 204 2042 rius
228 1977 350 2041 his
374 1995 430 2042 de
449 1994 696 2044 litterature
724 2011 853 2042 tomo
883 2010 920 2044 r.
951 2012 996 2061 p.
1023 2011 1086 2058 14
1114 1993 1174 2059 sq.
1244 1995 1466 2042 Denarios
1492 1993 1540 2038 in
1575 1991 1721 2038 Gallia
1754 1987 1833 2036 sub
1857 1986 2055 2049 Regibus

108 2061 409 2123 Carolingicis
437 2059 563 2109 cusos
582 2062 767 2112 exhibet
786 2064 991 2112 Baluzius
1025 2078 1136 2111 tom.
1159 2080 1201 2110 2.
1225 2060 1466 2126 Capitular.
1497 2076 1596 2125 pag.
1628 2072 1772 2119 1272.
1842 2054 2056 2102 Iacobum

110 2132 294 2185 Biaeum
320 2131 638 2193 praeterimus,
674 2131 722 2176 in
751 2131 876 2177 cuius
906 2132 1088 2179 francia
1115 2131 1343 2179 Metallica
1374 2133 1417 2169 3¹
1449 2128 1582 2173 multi
1605 2124 1696 2172 falfi
1723 2140 1767 2172 et
1788 2121 2059 2189 suppofititii

113 2198 244 2256 numi
277 2192 549 2244 referuntur.
655 2199 731 2246 De
756 2199 905 2246 nuinis
943 2198 1136 2259 antiquis
1177 2198 1396 2244 Gallorum
1449 2196 1563 2240 circa
1613 2190 1805 2241 Caesaris
1849 2205 2058 2254 tempora

25 2271 29 2274 ’
113 2265 373 2315 Memoriae
402 2262 700 2324 Treuultinae
727 2269 782 2313 A.
821 2267 961 2324 1’706.
994 2266 1112 2310 artic.
1151 2272 1259 2312 162.
1297 2279 1396 2325 pag.
1433 2265 1560 2320 1976
1591 2256 1653 2323 sq.
1722 2258 1940 2319 Anglicos
1979 2272 2060 2304 nu·

116 2347 219 2380 mos
243 2346 417 2379 veteres
439 2330 646 2393 pluribus
666 2329 826 2378 tabulis
849 2330 1032 2379 exhibet
1059 2330 1288 2376 Henricus
1307 2327 1632 2391 Speelmannus
1662 2342 1764 2373 ante
1796 2327 1934 2371 vit-am
1961 2324 2063 2372 Ael-

117 2396 251 2450 fredi.
321 2395 800 2461 Conferatur'quoque
823 2399 878 2445 de
896 2394 1050 2456 'numis
1067 2395 1270 2458 Anglicis
1295 2392 1568 2458 Scoticisque
1583 2393 1705 2440 Guil.
1729 2390 1986 2441 Nicholson
2008 2392 2065 2441 ad

119 2467 285 2516 calcem
303 2466 606 2514 Bibliothecae
635 2462 868 2513 historicae
888 2466 1088 2527 Angliae.
1111 2464 1313 2510 Londini
1349 2477 1487 2523 1714.
1515 2458 1596 2508 fol.
1631 2477 1674 2525 p.
1697 2467 1809 2518 248.
1880 2464 1950 2509 De
1982 2478 2065 2509 nu-

121 2536 209 2582 mis
231 2534 495 2581 Hibernicis
528 2532 710 2578 Nicolai
731 2532 891 2578 Kederi
914 2526 1160 2579 numerum
1195 2532 1241 2577 in
1269 2528 1491 2579 Hibernia
1520 2543 1757 2593 antequam
1783 2531 1892 2580 haec
1923 2531 2066 2582 insula

121 2598 203 2649 ‘sub
231 2602 437 2665 Henrico
469 2601 527 2651 ll.
555 2599 742 2660 Angli-ae
764 2602 908 2660 Rege,
945 2599 1124 2660 Anglici
1153 2595 1267 2651 fassa
1295 2595 1384 2644 fuit
1414 2599 1546 2651 iuris,
1587 2594 1793 2646 cusorum
1821 2601 2065 2663 indagatio.

122 2666 299 2735 Lipfiae
324 2674 466 2729 1708.
488 2684 537 2727 4.
607 2664 856 2716 Historiam
877 2664 1198 2714 numismatum
1216 2664 1516 2727 Anglieorum
1537 2663 1722 2716 exhibet
1747 2666 1864 2718 liber
1891 2671 2067 2731 anglice

1064 2735 1106 2781 Y
1141 2745 1172 2783 2
1920 2737 2066 2787 editus

93 2821 109 2843 ·-
146 2871 153 2882 υ
187 2819 236 2850 ’31
264 2816 366 2858 Vide
388 2819 515 2883 Caroli
534 2818 660 2860 Patini
687 2817 766 2883 iteis
781 2816 888 2872 quod
908 2817 1043 2875 gallice
1070 2814 1262 2872 descripsit
1280 2829 1367 2874 pag.
1392 2827 1456 2872 54
1473 2815 1686 2877 ,vbi-(imile
1702 2816 1778 2864 fert
1795 2817 1987 2877 iudicium
2014 2824 2070 2869 de

127 2869 251 2937 sibim
284 2872 523 2917 Promtuure
539 2877 605 2920 des
627 2875 833 2920 Medaaelles.
