2263 3027
215 65 312 115 666
368 80 370 84 ’
410 58 560 111 CAP.
597 55 742 114 ΧΠῙ.Δ
803 54 899 107 DE
937 53 1408 112 PATRIARCHIS
1443 56 1539 108 ET
1574 56 1966 123 PONTIFICE.

221 187 375 252 plures
400 183 599 234 mansere
618 180 834 234 Ecclesiae
855 181 968 235 nulli
988 197 1048 241 ex
1063 179 1331 235 Patriarchis
1355 180 1602 239 sublestae,
1634 185 2163 252 transmarinaegpraeseg.
2210 174 2228 200 Ὗ

217 258 324 306 tim,
363 271 411 301 vt
452 251 710 308 Africanae,
747 259 937 314 quarum
971 268 1144 315 primus
1182 249 1269 298 fuit
1300 248 1674 314 Carthaginiensis
1707 245 1978 318 Episcopus,
2009 267 2068 301 *et
2087 259 2165 302 Pa-

157 322 166 325 *
219 324 458 369 triarchico
492 323 588 368 iure
619 323 666 366 in
702 323 765 365 VI
800 321 1056 383 prouincias
1085 317 1352 381 Dioeceseos
1372 317 1470 366 suae
1493 316 1606 366 vsus.
1675 321 1891 367 Similiter
1913 322 2162 378 Britannica

219 388 409 437 Ecclesia
434 389 545 435 nulli
571 405 779 439 externae
803 383 976 433 subdita
1000 383 1323 451 ἰητίεάἰῖὶίοηὶξ
1361 385 1434 433 sed
1469 403 1705 450 primatem
1729 385 1856 434 suum
1886 387 2040 437 habuit
2060 390 2162 452 Epr-

219 455 406 522 scopum
445 452 796 508 Eboracensem‚
833 455 958 518 quod
997 471 1310 516 argumentum
1353 453 1554 502 tra-{lauit
1586 456 1718 502 etiam
1742 457 1814 518 10·
1852 455 2075 505 Barnesius
2107 455 2164 503 de

218 524 435 572 Ecclesiae
479 527 756 572 Britannicae
794 523 999 570 libertate
1033 525 1404 587 etexemptione
1442 540 1464 569 a
1503 526 1709 569 Romano
1743 524 2073 588 patriarchatu,
2120 536 2164 570 et

220 594 460 642 Edu-ardus
482 591 820 654 Stillingfleetus
850 597 896 621 ²2
923 594 968 639 in
990 591 1256 651 Originibus
1285 592 1558 636 Britannicis.
1632 591 1770 667 Qiod
1791 608 1932 654 porro
1957 591 2164 641 eat-dina,

223 661 279 708 lis
298 663 539 707 Perronius
560 663 612 706 in·
629 660 917 706 Petronianis
936 671 978 722 pss
1002 672 1108 718 232.
1129 675 1286 704 omnes
1309 660 1578 704 patriarchas
1602 660 1797 704 vicarios
1831 655 1916 705 effe
1936 656 2164 706 Pontificis

222 726 434 781 affirmat,
466 743 509 775 et
544 729 634 775 hoc
666 726 794 774 iastat
822 723 865 773 se
895 743 1037 772 vnum
1067 723 1311 772 obseruass'c
1343 742 1506 772 merito
1549 725 1615 772 illi
1656 727 1928 788 relinquitur
1956 740 2168 788 tanquam

223 811 542 844 commentum·
562 795 685 843 nulla
714 796 904 856 dignum
936 792 1046 847 fide,
1084 794 1211 840 nullo
1243 809 1509 856 argumento
1543 789 1688 840 saltim
1730 792 1963 841 verisimili
2004 791 2188 840 confir-⁴

220 864 454 912 mandum.
590 865 724 912 ,Licet
747 862 865 908 idem
887 877 987 909 ante
1009 878 1110 909 eum
1133 861 1369 908 docuerint
1393 866 1578 907 loannes
1605 861 1926 925 Torquemada
1950 876 1994 908 et
2016 865 2168 911 Petrus

222 933 484 980 Paludanus.
554 933 702 994 Quam
747 946 858 976 vero
898 926 1160 976 sententiam
1205 931 1309 990 igne
1342 930 1523 990 dignam
1572 929 1735 975 iudicat
1769 929 2018 992 Almaynus
2047 927 2167 992 apud

224 1004 290 1046 M.
329 999 582 1046 Antonium
615 998 670 1044 de
689 998 902 1044 Dominis
936 1000 990 1042 11.
1019 1012 1058 1051 ς.
1088 998 1142 1042 de
1176 996 1353 1060 republ.
1378 994 1681 1043 Ecclesiastica.
1755 999 1846 1055 Ita,
1882 1014 1987 1060 quas
2020 997 2167 1042 Ponti-

183 1098 187 1101 <
223 1064 301 1114 fex
314 1069 542 1113 Romanus
564 1067 650 1111 iam
671 1083 695 1111 a
713 1080 780 1110 tot
801 1062 981 1110 saeculis
1000 1062 1079 1109 fibi
1111 1079 1288 1124 arrogat
1316 1061 1448 1125 super
1481 1079 1640 1109 omnes
1669 1063 1877 1109 Ecclesias
1905 1079 2035 1127 atque
2063 1063 2170 1126 Epi-

224 1132 384 1199 scopos
402 1134 756 1200 praerogatiuas‚
793 1130 1099 1176 ausim-itatem
1126 1128 1500 1195 potestatemque,
1543 1146 1623 1189 per
1651 1132 1799 1193 prima
1820 1148 1840 1176 a
1865 1130 2042 1177 Christo
2063 1145 2167 1175 nato

224 1199 391 1249 saecula
409 1203 494 1247 toti
515 1197 728 1247 Ecclesiae
748 1200 923 1259 ignotas
944 1193 1094 1249 fuisse,
1129 1216 1150 1243 a
1175 1199 1327 1243 multis
1360 1199 1444 1242 iam
1471 1194 1531 1243 est
1551 1193 1774 1243 ostensum
1805 1214 1897 1244 non
1924 1195 2171 1245 Protestan-

224 1270 343 1317 tibus
365 1269 532 1326 modo,
565 1282 617 1313 vt
636 1267 809 1312 Dauide
833 1266 1068 1312 Blondello
1098 1266 1153 1311 de
1173 1267 1370 1330 primatu
1391 1267 1436 1310 in
1459 1263 1676 1321 Ecclesia,
1710 1266 1834 1328 quod
1865 1258 1979 1330 opus
1997 1265 2169 1312 Gallice

223 1337 396 1403 prodiit
429 1339 592 1383 Geneu
628 1340 768 1396 1641.
791 1330 873 1381 fol.
932 1333 1101 1379 Frider.
1129 1334 1404 1398 Spanhemio
1427 1336 1482 1377 T.
1504 1346 1547 1380 2.
1575 1336 1698 1397 Opp.
1719 1349 1818 1396 pag.
1849 1348 1945 1394 439
1969 1328 2064 1396 sqq.
2090 1331 2169 1395 qui

224 1422 269 1469 p.
295 1411 409 1465 468.
453 1408 754 1465 Anonymum
779 1406 1004 1448 Graecum
1027 1401 1173 1448 laudat
1202 1404 1306 1467 περί
1323 1400 1404 1454 ‘mv
1423 1401 1635 1465 πρωτείων
1658 1403 1742 1451 τοῦ
1762 1399 1929 1457 miv-m,
1959 1417 1983 1447 e
2011 1398 2174 1446 Biblio-.

224 1473 352 1519 theca
374 1469 676 1534 Lugdunensi.
701 1466 839 1515 lsaaco
863 1474 1041 1517 Barrow
1072 1473 1131 1514 T.
1159 1484 1198 1518 1.
1234 1473 1451 1533 Operum.
1482 1471 1727 1515 Laurentio.
1757 1469 1927 1516 Howel
1958 1469 2004 1513 in
2035 1466 2170 1521 libro,

226 1558 250 1587 a
271 1544 407 1587 View
430 1537 487 1585 of
501 1540 577 1584 the
601 1535 870 1584 Pontificate.
885 1537 1085 1583 Londini
1108 1552 1161 1595 ¹7
1178 1554 1187 1581 ι
1203 1550 1244 1584 2.
1268 1546 1314 1592 8.
1336 1553 1378 1583 et
1399 1536 1889 1599 Salomon.De)‘lingio
1910 1538 1959 1582 in
1979 1531 2171 1581 disserta·

226 1607 427 1654 tionibus
480 1606 650 1653 duabus
703 1605 758 1651 de
805 1607 1003 1651 nouitate
1031 1605 1265 1665 regiminis
1286 1602 1571 1651 Ecclesiasti'ci
1592 1606 1638 1650 in
1659 1599 1883 1651 ecclesiam
1902 1599 2173 1650 vniuersams

227 1674 401 1738 Lipsiae
429 1689 557 1734 1729
586 1688 628 1720 et
657 1690 781 1733 1730
806 1673 957 1721 editis:
987 1669 1061 1718 sed
1080 1689 1123 1718 et
1145 1690 1197 1718 ex
1223 1669 1312 1736 ipsa
1332 1674 1462 1718 etiam
1476 1671 1664 1719 Ecclesia
1676 1675 1899 1724 Romana,
1930 1671 2170 1733 praecipue

228 1759 252 1788 a
272 1743 414 1788 Gallis
429 1775 439 1793 ‚
476 1744 593 1788 inter
616 1741 726 1787 alios
747 1741 799 1787 ab
820 1743 873 1787 iis
893 1743 971 1804 qui
991 1744 1222 1786 Canonem
1242 1737 1415 1786 sextum
1440 1741 1634 1783 Concilii
1657 1739 1850 1782 Nicaeni
1881 1735 2169 1787 illustrarunt,

230 1825 274 1856 et
296 1806 502 1854 aduersus
535 1811 804 1872 primatum,
836 1807 925 1854 siue
947 1823 996 1854 vt
1018 1809 1191 1854 Paullus
1216 1810 1415 1852 Venetus
1450 1804 1568 1868 apud
1588 1800 1823 1859 Claudium
1849 1804 2100 1849 Sarrauium
2124 1805 2166 1840 23

231 1893 324 1923 non
359 1873 545 1922 absurde
583 1878 783 1928 vor-nuit,
840 1879 1062 1921 'sotatum-
1088 1871 1348 1935 (Salmasius
1377 1871 1723 1936 Jitprematum)
1766 1875 1906 1934 Papae
1962 1868 2170 1921 Romani,

231 1941 502 2007 scripserunt
534 1958 627 1987 non
657 1944 805 1988 minus
836 1943 1021 1988 candide
1042 1958 1174 2003 quam
1197 1938 1336 1986 solide
1357 1954 1488 2001 atque
1519 1938 1707 1986 erudite.
1785 1940 2032 1983 Primatum
2057 1939 2171 1982 Pon·

234 2009 362 2058 tificis
396 2027 451 2056 ex
487 2006 593 2054 solis
623 2005 751 2054 sacris
785 2009 943 2054 litteris
974 2008 1159 2072 probari
1193 2023 1285 2053 non
1316 2002 1524 2070 possein
1564 2006 1794 2069 colloquio
1831 2000 2171 2051 Rheinfeldenfi

233 2086 284 2130 A.
313 2087 452 2137 1651„
474 2077 658 2123 candide
684 2071 905 2139 professus
924 2074 984 2121 est
1006 2075 1263 2120 Valerianus
1286 2078 1490 2135 Magnus,
1558 2073 1682 2119 Olim
1708 2070 1919 2120 ele&ioni
1942 2069 2170 2117 pontificis

231 2144 498 2201 adfuerexet
540 2142 773 2190 elefiionis
812 2143 991 2189 decreto
1027 2139 1378 2206 subscripserunt
1407 2141 1630 2202 vniuerfits
1665 2142 1824 2193 clerus,
1867 2143 2098 2205 optimates
2126 2149 2168 2182 et

233 2213 429 2274 vniversh
452 2213 658 2258 militaris
673 2209 914 2276 Praestutia
936 2223 978 2254 et
996 2210 1144 2256 ειιιιῦἔα
1158 2211 1420 2274 generalitas
1442 2211 1580 2274 populi
1607 2212 1802 2256 Romani.
1860 2206 1978 2253 Vide
1998 2203 2169 2252 librum

235 2282 448 2328 diurnum
479 2296 502 2325 a
532 2282 596 2325 Io.
626 2278 849 2325 Gariierio
885 2294 986 2323 cum
1017 2280 1134 2323 notis
1167 2278 1336 2323 editum
1369 2294 1411 2341 p.
1451 2293 1522 2327 12,
1553 2291 1624 2334 13,
1667 2280 1740 2331 16,
1771 2278 1850 2328 25),
1878 2288 1955 2333 23,
1983 2289 2056 2330 32,
2086 2286 2168 2320 etc.

234 2355 274 2395 A
305 2347 409 2394 solis
440 2346 747 2393 Cardinalibus
781 2346 1020 2409 praeterito
1054 2347 1242 2391 Henrici
1272 2348 1348 2392 ΙΙΙ.
1383 2345 1695 2407 Imperatoris⁷
1730 2358 1835 2389 tunc
1871 2341 2166 2393 minorennis,

231 2411 473 2467 consensu,
509 2414 564 2460 de
585 2430 675 2476 quo
695 2417 848 2475 Petrus
867 2414 1075 2475 Damiani
1097 2409 1257 2476 Opusc.
1279 2429 1325 2476 4.
1351 2409 1603 2457 inconsulto
1626 2411 1801 2474 reliquo
1822 2410 1953 2455 Clero
1984 2420 2027 2452 et
2060 2411 2170 2470 Pop.

236 2486 370 2532 Rom«.
394 2483 571 2547 primus
592 2483 716 2528 Senis
738 2486 792 2528 A.
818 2498 957 2539 1059,
983 2483 1098 2545 Papa
1117 2478 1282 2527 elesius
1306 2478 1367 2527 est
1391 2479 1606 2526 Nicolaus
1628 2481 1682 2526 11.
1714 2474 1973 2542 quideinde
1993 2474 2040 2519 in
2063 2475 2170 2519 con·

685 2558 688 2562 ⁴
1353 2550 1355 2552 ’
2063 2542 2170 2588 cilio

296 2649 331 2670 ²²
361 2646 628 2700 Stillingfleeto
645 2648 829 2688 Emanuel
848 2663 866 2689 a
887 2648 1103 2691 Schelstrate
1121 2646 1296 2704 opposuit
1312 2646 1608 2690 dissertationem
1631 2643 1680 2686 de
1699 2640 1917 2685 aussoritate
1936 2637 2175 2687 Patriarchali

243 2712 278 2744 et
296 2702 571 2755 Metyppqlitica
585 2731 604 2750 „
618 2705 730 2748 Rom.
756 2705 876 2766 1687.
900 2718 939 2757 4.

298 2757 334 2788 ²3
364 2757 406 2802 P.
425 2767 519 2803 210.
540 2749 653 2809 Epist.
676 2758 849 2801 editionis
874 2752 1065 2821 primae-..¹⁵
1121 2788 1125 2792 -
1601 2786 1658 2811 μ-
1694 2792 1714 2820 ‘a
