2263 3027
194 122 295 180 796
709 113 858 169 CAP.
895 115 1068 171 XVI.x
1111 117 1299 174 NVMI
1333 119 1637 175 ROMANI.

323 243 418 286 XII.
462 242 531 285 De
557 239 915 291 numismatibus
948 248 1258 294 Romanorum
1291 247 1568 296 incredibilis
1604 247 1890 312 Scriptorum
1908 261 2130 307 ,numerus

190 308 323 354 etiam
344 309 570 369 diligentis
596 310 798 358 hominis
822 312 1081 360 industriam
1095 313 1277 377 fatigare
1298 314 1441 381 possit.
1508 319 1564 362 Et
1591 333 1722 379 quam
1746 316 1831 362 late
1855 317 1996 380 patuit
2018 314 2132 379 ipso·

144 377 153 390 '
191 393 292 421 rum
318 377 574 440 imperium,
597 392 685 423 tam
707 396 889 444 quoque
913 385 1039 428 numi
1069 381 1268 447 ipsorum
1292 402 1374 450 per
1401 401 1586 431 omnem
1608 382 1703 431 fere
1728 382 1888 429 orbem
1910 398 2131 429 terrarum

191 444 440 490 valuerunt.
540 447 678 511 ¹Vnde
712 445 891 495 Cosmas
934 451 1239 514 Indopleustes
1283 456 1315 499 Ι.
1358 470 1398 501 2.
1433 469 1531 516 pag.
1566 461 1667 512 148·
1705 455 1745 502 ἐν
1786 453 1850 519 τῷ
1890 454 2131 513 νομίσματι

194 513 398 574 Ρωμαίων
423 514 736 580 ἐμποςέυοιιτοιι
761 513 924 568 noim-x
946 516 1013 568 τοὶ
1037 518 1153 578 ἔθνη.
1222 517 1505 567 Numismata
1527 518 1800 567 familiarum
1826 522 2133 564 Romanarum

154 637 157 640 Ι
188 579 290 646 post
312 580 438 626 Fulv.
455 581 680 636 Vrfinum,
701 583 804 630 Abr.
830 586 1076 632 Gorlaeum
1102 603 1143 632 et
1164 590 1376 634 Carolum
1401 593 1603 636 Patinum
1621 623 1632 642 ‚
1670 589 1994 651 imperatorum
2019 601 2133 649 quo·

191 665 278 712 que
307 645 404 711 post
435 649 701 713 Adolphum
726 655 980 706 Oeconem‚
1020 663 1215 701 Aeneam
1252 658 1436 710 Vicum,
1483 656 1606 704 Hub.
1641 656 1897 707 Goltzium,
1948 657 2010 700 Io,
2029 655 2136 699 Tri·

191 715 391 768 stanum,
428 715 710 765 Franciscum
739 721 1110 777 Mediobarbum,
1147 722 1427 771 Franciscum
1469 724 1800 786 Angelonium‚
1849 721 2133 783 sigebertum

189 787 582 848 Hauercanipum,
624 785 996 850 Chrysostomum
1031 791 1358 838 Hanthalerum
1385 811 1392 837 :
1443 810 1525 839 nec
1554 793 1703 838 minus
1727 791 2021 837 Coloniarum
2053 805 2133 835 nu-

188 868 288 898 mos
321 851 640 915 pulcherrimis
684 859 1019 904 commentariis
1046 858 1167 905 idem
1203 862 1322 905 Ioan.
1357 860 1549 907 Vaillant
1576 865 1621 899 29
1652 858 1898 905 illustrauit.
1966 860 2132 921 Neque

188 919 439 966 omittenda
459 937 616 981 regum
642 938 684 968 et
707 925 1034 988 imperatorum
1056 923 1320 974 numismata
1341 945 1363 974 a
1388 929 1584 975 Romulo
1608 928 1779 974 etlulio
1794 923 1973 973 Caesare
1993 922 2131 988 vsque

187 987 242 1033 ad
274 985 562 1034 Iustinianum
587 990 836 1051 Augustum
867 1010 922 1039 ex
946 994 1265 1041 Cimeliarchio
1288 997 1436 1042 Caroli
1468 998 1604 1042 Ducis
1629 997 1840 1059 Croyiaci
1868 1009 1910 1041 et
1941 990 2141 1041 Arscho·

160 1056 277 1100 .tani
309 1071 410 1100 cum
452 1061 778 1104 commentario
814 1059 976 1105 Albertz·
1014 1059 1195 1107 Rubeniz·
1222 1077 1265 1108 et
1305 1060 1511 1109 subieffls
1542 1063 1596 1108 ad
1627 1064 1790 1109 calcem
1830 1061 2130 1108 annotationi·

185 1121 272 1168 bus
301 1125 525 1167 Laurentii
558 1128 720 1188 Bageri.
754 1127 911 1172 Colon.
947 1129 1194 1176 Brandenb.
1234 1146 1376 1190 1700.
1404 1128 1483 1176 fol.
1549 1132 1638 1177 His
1666 1131 1890 1191 iungenda
1928 1126 2128 1175 Anselmi

184 1189 382 1237 Banduri
412 1188 673 1249 numisinaata
706 1194 1030 1257 imperatorum
1062 1199 1374 1244 Romanorum
1397 1215 1418 1243 a
1441 1199 1639 1243 Traiano
1663 1200 1804 1244 Decio
1836 1198 1889 1243 ad
1908 1196 2131 1243 Palaeolo·

185 1273 268 1318 gos
293 1254 525 1318 Augustos.
555 1258 724 1305 Parisiis
763 1263 1044 1321 1718.x⁷011.
1073 1281 1116 1310 2.
1151 1262 1231 1313 fol.
1311 1263 1598 1314 Doffiffimus
1636 1282 1818 1328 quoque
1852 1265 2129 1318 Harduinus,

185 1325 291 1370 licet
319 1325 654 1391 paradoxorum
693 1325 881 1376 subinde
922 1347 1143 1395 captator,
1189 1334 1237 1379 in
1271 1331 1613 1380 numismatibus
1645 1330 1803 1379 saeculi
1837 1330 2130 1384 Constantini,

187 1406 317 1455 atque
343 1391 739 1457 historia‘Augusta
762 1414 815 1443 ex
837 1400 986 1444 numis
1007 1397 1146 1463 Vsque
1174 1401 1227 1447 ad
1248 1404 1606 1448 Numerianum:
1644 1403 1762 1448 inter
1791 1417 1928 1465 opera
1954 1402 2046 1446 eius
2070 1396 2133 1445 se-

189 1459 301 1507 ler
331 1459 516 1510 Amstel.
544 1477 683 1525 1709.
708 1462 786 1512 fol.
857 1467 1032 1513 Paullus
1061 1470 1173 1516 item
1206 1468 1456 1524 Pedrufius,
1493 1471 1548 1516 de
1581 1486 1670 1533 quo
1702 1467 1811 1516 Asta
1832 1469 2131 1514 Eruditorum

186 1533 240 1575 A.
275 1543 412 1592 1713.
439 1545 484 1594 p.
512 1548 619 1588 294.
686 1536 741 1579 D.
767 1536 1019 1581 Henrionis
1048 1552 1162 1600 opus
1185 1535 1450 1601 promiffum
1481 1536 1720 1584 historico-
1739 1537 2130 1597 chronologicum,

189 1595 244 1642 de
276 1598 449 1643 ratione
479 1614 686 1652 monetae
716 1617 927 1649 romanae
957 1621 978 1649 a
1007 1606 1160 1667 primo
1190 1604 1309 1652 illius
1340 1602 1420 1652 vsu
1448 1602 1587 1668 Vsque
1620 1605 1674 1651 ad
1698 1602 2126 1667 Constantinopolin

189 1673 366 1728 captam
393 1683 419 1723 a
447 1668 634 1721 Turcis‚
680 1685 956 1717 memoratur
988 1672 1032 1717 in
1061 1673 1442 1737 Ephemeridibus
1471 1672 1698 1719 litterariis
1731 1669 1863 1720 Paris.
1897 1678 1949 1720 A.
1987 1678 2125 1733 1708.

188 1731 246 1779 ll.
269 1748 367 1794 pag.
388 1748 500 1793 405.
533 1745 625 1796 596
642 1732 703 1800 sq.
773 1735 1056 1786 Numismata
1078 1743 1404 1805 imperatorum
1427 1739 2028 1803 Constantinopolitanorum
2052 1753 2127 1783 ex-

185 1797 312 1844 hibet
348 1815 390 1845 et
422 1799 605 1848 illustrat
638 1805 822 1851 Carolus
851 1806 909 1852 dn
938 1805 1101 1853 Fresne
1133 1811 1178 1854 in
1218 1806 1401 1854 familiis
1429 1808 1698 1870 Byzantinis.
1729 1802 1856 1852 Paris.
1885 1814 2022 1861 1680.
2042 1801 2124 1854 fol.

184 1879 228 1912 et
250 1869 303 1913 V.
325 1869 373 1913 C.
395 1863 630 1917 Anselmus
653 1874 897 1921 Bandurius
920 1876 966 1923 in
998 1877 1193 1945 imperio
1224 1874 1451 1930 orientali,
1500 1871 1627 1923 Paris.
1656 1888 1740 1938 171
1757 1889 1795 1923 ι.
1817 1870 1895 1923 fol.

320 2003 441 2050 XIII.
478 2005 688 2065 Sarugus,
730 2010 853 2054 cuius
887 2008 1046 2057 Genes.
1067 2014 1140 2057 XI.
1168 2026 1239 2058 20.
1275 2011 1471 2063 mentio,
1510 2010 1696 2056 modum
1731 2008 1923 2056 cudendi
1959 2024 2121 2056 numos

180 2072 344 2115 aureos‘
361 2083 404 2115 et
424 2087 659 2132 argenteos
683 2073 914 2122 ostendisse
936 2078 1124 2124 traditur
1147 2078 1198 2124 ab
1225 2077 1527 2142 Abulpharaio
1554 2095 1595 2142 p.
1624 2094 1694 2125 12.
1766 2078 1924 2140 Lydos
1948 2078 2121 2140 primos

110 2152 113 2155 ·
179 2138 322 2182 aurcis
351 2152 395 2183 et
419 2142 640 2200 argenteis
672 2144 820 2188 numis
841 2142 940 2190 vsos
966 2143 1048 2192 ess‘e
1070 2161 1194 2192 notat
1216 2147 1480 2193 Herodotus
1502 2145 1577 2192 lib.
1604 2161 1640 2193 1.
1669 2161 1760 2208 cap.
1783 2161 1860 2204 94.
1879 2161 1921 2190 et
1944 2143 2120 2208 superat

179 2204 318 2250 hodie
347 2204 567 2252 numisma
603 2209 836 2271 antiquum
872 2218 1015 2274 Atyos
1047 2215 1282 2276 Lydorum
1322 2217 1474 2274 Regis,
1525 2215 1578 2259 de
1610 2230 1698 2275 quo
1732 2213 1892 2259 Ezech.
1924 2213 2121 2276 Spanhe-

177 2273 295 2317 mins
317 2269 478 2319 differt.
502 2277 649 2338 prima
672 2275 725 2321 de
749 2275 826 2322 vsu
848 2278 1179 2326 numismatum.
1250 2283 1333 2329 Sed
1352 2281 1607 2333 Herodoto,
1627 2278 1836 2344 scriptori
1854 2281 2118 2342 ceteroquin

177 2336 266 2384 fide
287 2341 449 2402 digno⁷
488 2343 568 2388 hac
591 2347 807 2390 tamenin
841 2364 888 2392 re
919 2346 1052 2394 fidem
1087 2350 1204 2394 haud
1242 2349 1489 2395 habendam
1525 2346 1609 2395 effe
1638 2346 1828 2394 affirmat
1853 2348 2117 2396 Wachterus

179 2408 395 2453 archaeol.
421 2426 591 2456 numar.
625 2427 665 2473 p.
692 2427 764 2470 30.
836 2417 905 2460 De
937 2417 1281 2479 Erychthonio,
1320 2417 1599 2463 Hermodice
1625 2433 1768 2474 vxore
1795 2414 1965 2468 Midae,
2003 2418 2116 2462 Iono

176 2473 370 2523 Thessal·
395 2492 523 2537 rege>
560 2479 766 2527 Pliidonc
799 2485 972 2544 Argiuo
1001 2501 1248 2531 numerum
1270 2484 1587 2533 inuentoribns
1609 2483 1729 2551 apud
1753 2487 1975 2539 Graecos,
2012 2483 2117 2530 vide
2176 2526 2181 2537 ,

1984 2554 2120 2613 Bege-

246 2650 284 2675 ²9
317 2648 439 2688 Huius
470 2651 619 2693 Ioannis
638 2654 816 2693 Vaillanti
848 2654 944 2697 filius
974 2661 1076 2699 Ioan.
1097 2658 1309 2699 Franciscus
1334 2662 1413 2713 Foy
1442 2660 1613 2700 Vaillant
1641 2661 1687 2700 Α.
1713 2663 1829 2712 1708·
1856 2668 1904 2708 17
1923 2659 2026 2697 Νον-
2053 2656 2118 2696 de·

175 2699 336 2749 sununs,
356 2705 460 2742 euius
485 2706 619 2746 differt.
654 2715 699 2746 tie
722 2711 805 2748 Diis
825 2712 971 2754 Cabiris
1001 2726 1118 2761 extat.
1187 2717 1370 2771 Elogium
1395 2717 1494 2758 illius
1515 2715 1596 2758 vide
1617 2718 1656 2758 in
1678 2714 1867 2756 memoriis
1886 2712 2117 2755 Trcuoltinis
2148 2768 2153 2769 V

175 2760 223 2795 A.
253 2769 374 2814 1709.
403 2759 529 2800 meuse
550 2763 726 2815 Augusto
746 2779 830 2819 pag.
857 2780 972 2824 1393·
