2263 3027
413 114 438 119 -
642 70 1155 150 SEPVLCROR'VM
1190 97 1491 151 anticio.
1935 119 2063 166 1039

90 221 308 270 raterium
333 219 392 270 de
412 220 494 270 hac
511 217 734 289 formula,
771 223 818 268 in
840 223 934 270 eius
956 221 1128 272 Galliae
1150 225 1350 288 antiquit.
1375 221 1544 289 selea‘is
1568 231 1621 290 p.
1641 235 1717 287 52.
1750 226 1859 273 etin
1880 223 2043 274 Museo

90 289 337 337 Veronensi
360 306 404 355 p.
434 298 538 352 165.
593 289 770 337 Ludov.
796 295 899 338 Ant.
926 292 1167 338 Muratorii
1205 289 1552 340 dissertationem
1587 289 1795 339 insertam
1831 308 1957 340 tomo
1979 291 2043 341 se-

89 357 241 403 cundo
269 355 620 406 dissertationum
642 356 889 418 academiae
914 357 1221 413 Cortonensis‚
1253 377 1297 424 p.
1324 372 1439 420 133(
1452 358 1545 424 sqq.
1602 359 1751 407 Alexii
1782 362 2042 425 Symmachi

87 427 346 473 Mazocchii
371 427 425 474 ad
451 424 724 473 Bernardum
750 427 1031 473 Tanuccium
1050 425 1306 491 epistolam,
1347 444 1433 490 qua
1455 428 1508 475 ad
1534 429 1714 489 triginta
1735 430 1939 477 virorum
1962 429 2043 476 cla-

87 489 365 541 riffimorum
387 495 442 541 de
461 495 716 545 dedicatione
722 491 808 554 fitb
828 492 936 555 asi-ia
954 497 1355 541 commentationes
1377 497 1576 557 integrae
1600 493 1897 550 recensentur,
1920 491 2044 544 Nea-

87 559 187 623 poli
218 577 359 621 1739.
380 570 421 618 8.
443 563 660 616 et-Frane.
685 560 828 609 Carol.
846 562 1042 612 Conradi
1063 565 1252 624 Parerga
1272 578 1460 626 pag.73.
1486 564 1557 609 cui
1579 563 1686 610 haec
1709 559 1905 610 formula
1925 564 2042 611 nihil

86 626 208 673 aliud
234 630 412 675 videtur
433 625 676 690 significare
691 661 702 681 ‚
743 644 875 691 quam
898 642 1207 676 monumentum
1219 628 1300 690 fitlt
1318 631 1449 676 tutela
1477 643 1520 676 et
1541 631 1710 676 cultura
1733 629 1954 694 fabricae,
1991 645 2039 677 vt

75 694 254 756 Jc'zrtum
287 694 522 757 tec‘ffium‘que
544 696 807 761 praestetur,
840 697 1096 759 constituere.
1176 699 1246 742 Dc
1281 694 1501 751 formula,
1537 714 1622 761 qua
1651 699 1830 743 alienari
1843 699 2038 765 fipulcra

86 761 392 825 prohibentur
412 758 578 809 disserit
600 760 759 809 Christ.
781 765 932 810 Saxius
954 765 1001 809 in
1022 760 1410 811 obseruationibus
1440 764 1494 811 ad
1522 781 1648 812 vetus
1681 765 2038 830 chirographum

86 826 283 876 thesauri
302 831 599 877 Muratoriani
624 831 965 894 mancipationis
987 825 1246 877 formulam*
1273 833 1531 886 continens,
1568 830 1799 879 Vltraiesiti
1831 847 1969 894 1757.
1995 850 2039 890 4.

84 911 186 960 pag.
204 904 277 947 16.
306 898 562 962 'Epitaphia
582 897 803 956 Hebraica
832 910 875 944 et
896 896 1068 944 Iudaica
1087 897 1359 944 illustrarunt
1385 900 1684 961 Hottingerus
1708 900 1754 945 in
1776 901 1920 963 cippis
1946 904 2036 947 He-
2123 945 2129 946 .

84 963 266 1018 braicis‚
307 965 545 1012 Schudtius
565 967 610 1012 in
639 962 1007 1013 memorabilibus
1032 964 1233 1018 Iudaicis,
1259 965 1532 1012 Christianus
1553 967 1865 1026 Schottgenius
1886 969 1932 1012 in
1959 964 2039 1014 dis-

31 1078 33 1080 .
83 1028 396 1079 sertationibus
418 1032 587 1080 duabus
611 1033 666 1080 de
687 1030 1054 1096 inscriptionibus
1075 1031 1416 1092 Hebraeorum,
1439 1029 1559 1096 Lips.
1588 1047 1725 1092 1715.
1754 1047 1797 1079 et
1827 1042 1973 1091 1716.
1995 1048 2039 1081 et

82 1098 300 1163 Theoph.
323 1098 507 1162 Sigfrid.
532 1105 726 1156 Beverus
748 1102 795 1147 in
817 1097 1118 1148 dissertatione
1139 1100 1194 1146 de
1218 1100 1485 1147 Iudaeorum
1510 1097 1880 1163 inscriptionibus
1901 1103 2040 1148 Grae-

83 1168 149 1213 cis
179 1179 223 1214 et
253 1168 445 1221 Latinis,
469 1158 674 1228 Regiom.
716 1182 854 1230 1721.
922 1170 1224 1214 Monumenta
1252 1182 1455 1213 veterum
1485 1164 1743 1232 sepulcralia
1761 1200 1776 1225 ‚
1811 1169 2040 1215 Romano-

80 1249 186 1280 rum
211 1235 405 1280 maxime
426 1234 608 1296 collegit
627 1250 670 1283 et
689 1235 930 1284 delineauit
951 1238 1110 1283 Petrus
1130 1231 1329 1280 Sanssius
1354 1233 1570 1281 Bartolius
1593 1248 1636 1297 et
1657 1250 1758 1280 cum
1784 1234 2040 1298 explicatio»

83 1300 219 1348 nibus
250 1303 314 1346 Io.
337 1304 456 1348 Petri
478 1302 662 1350 Bellorii
682 1304 831 1351 Italice
858 1301 1032 1368 scriptis
1059 1301 1198 1349 edidit
1229 1304 1359 1347 Rom.
1392 1308 1531 1361 1691.
1562 1298 1644 1349 fol.
1694 1298 1874 1348 Exstant
1903 1303 2040 1350 etiam

82 1383 303 1432 perquam
335 1369 559 1431 eleganter
581 1369 727 1417 recusa
757 1388 859 1426 cum
881 1370 1064 1417 Bellorii
1085 1367 1456 1433 explicationibus
1477 1370 1524 1414 in
1544 1369 1700 1415 Latina
1723 1367 1885 1419 laudati
1906 1369 2037 1418 Alex.

81 1434 260 1482 Dukeri
282 1434 486 1483 versione
506 1438 550 1483 in
574 1441 631 1483 T.
646 1441 741 1484 XII.
765 1435 956 1484 thesauri
979 1437 1571 1499 Antiquitatt.Gron0uiani.
1609 1439 1679 1482 De
1699 1433 1941 1483 Mausoleis
1961 1453 2037 1485 veo

81 1515 230 1549 terum
254 1501 572 1551 Hebraeorum
602 1506 720 1552 Petri
743 1506 903 1551 Zornii
938 1501 1177 1550 dissertatio
1200 1501 1335 1550 exstat
1356 1503 1446 1549 vol.
1472 1505 1526 1549 V.
1554 1500 1736 1550 miscell.
1768 1500 1889 1568 Lips.
1922 1509 2033 1554 n'ov.

81 1585 126 1634 p.
139 1582 167 1618 2
178 1585 196 1617 1
209 1567 348 1633 8.sqq.
385 1569 631 1619 Historiam
643 1570 713 1623 san
721 1570 776 1619 &i
789 1570 979 1637 sepulcri
989 1572 1224 1618 contexuit
1236 1571 1723 1620 lo.Laur.Moshemius
1742 1572 1789 1617 in
1801 1583 2052 1619 commen?

82 1637 251 1684 tatione
274 1637 329 1684 de
351 1636 522 1685 lumine
542 1636 677 1686 sanffi
697 1638 902 1703 sepulcri,
927 1655 1038 1702 quae
1050 1636 1185 1686 exstat
1197 1635 1492 1687 voLsecundo
1505 1640 1599 1686 eius
1612 1635 1964 1687 dissertationum
1978 1639 2034 1687 ad

81 1705 147 1750 H.
166 1705 214 1749 E.
236 1706 563 1768 pertinentium
584 1723 629 1771 p.
656 1723 763 1764 2¹4·
789 1704 882 1771 sqq.
936 1706 1145 1770 Sepulcra
1176 1720 1219 1752 et
1252 1722 1545 1753 monumenta
1567 1721 1773 1753 veterum
1793 1705 1952 1754 crebro
1978 1705 2034 1754 ad

81 1770 178 1818 vias
208 1770 410 1836 publicas
439 1771 513 1819 sita
543 1789 690 1829 erant,
728 1774 833 1824 vide
866 1777 929 1822 Io.
950 1772 1142 1820 Gottlob
1172 1770 1450 1838 Nimptschii
1481 1771 1831 1834 dissertationem
1864 1772 2036 1839 Lipsiae

90 1852 224 1895 1721.
247 1854 290 1886 et
311 1839 366 1885 de
389 1839 644 1888 custodibus
668 1839 977 1905 sepulcrorum
997 1840 1115 1904 apud
1136 1843 1365 1888 Romanos
1389 1841 1637 1888 Lud.Guil.
1658 1842 1779 1889 Iunii
1805 1858 2033 1889 commem

84 1905 298 1952 tationem
321 1906 428 1953 ibid.
457 1923 596 1970 1744.
620 1909 796 1961 editam.
834 1911 904 1955 De
923 1905 1232 1972 sepulcrorum
1256 1910 1353 1956 iure
1379 1923 1423 1955 et
1451 1909 1673 1970 religione
1694 1906 1853 1956 confer
1879 1906 2035 1955 Brisso-

83 1974 212 2019 nium
236 1974 291 2019 II.
315 1987 387 2029 14.
398 1971 491 2038 sqq.
512 1976 825 2039 antiquitatum
858 1976 982 2023 iuriS.
1038 1978 1207 2037 Georg.
1229 1976 1351 2023 Guil.
1372 1976 1525 2023 Platzii
1548 1973 1920 2031 dissertationem,
1954 1980 2035 2022 Ar-

83 2053 263 2102 gentor.
288 2041 428 2099 1665.
464 2044 531 2088 10.
553 2059 640 2088 van
667 2039 867 2106 Niespeu
892 2040 1241 2090 dissertationem
1276 2041 1329 2089 de
1349 2041 1552 2107 sepulcro
1576 2043 1758 2096 violato,
1779 2043 1921 2104 Lugd.
1942 2047 2035 2089 Bar.

88 2121 234 2168 1723,
253 2121 299 2167 4.
343 2107 468 2169 Ioan.
489 2110 526 2152 -F
529 2107 613 2153 rid.
633 2110 896 2156 Saurmanni
914 2107 1225 2157 tradatumde
1246 2111 1343 2156 iure
1365 2112 1479 2156 circa
1503 2108 1701 2173 sepulcra
1720 2123 1762 2154 et
1790 2110 2034 2156 hominum

83 2175 433 2221 demortuorum
456 2173 663 2221 cadauera
684 2192 786 2222 cum
810 2179 873 2223 Io.
895 2176 1018 2224 Guil.
1041 2176 1097 2223 de
1118 2176 1296 2224 Goebel
1316 2173 1476 2222 dissert.
1499 2175 1768 2238 prooemiali
1785 2176 1842 2222 de
1868 2176 2033 2225 eodem

89 2254 380 2302 argumento,
414 2244 596 2288 Bremae
623 2256 757 2302 1737.
779 2260 823 2304 4,
869 2247 938 2293 Ιο.
965 2243 1114 2291 Ioach.
1136 2240 1402 2305 Schoepferi
1427 2240 1774 2289 dissertationem
1796 2243 1857 2290 ‚de
1889 2240 2032 2308 sepul·
2106 2244 2117 2245 ’

88 2323 346 2356 crorumet
377 2305 656 2371 sepultorum
688 2310 929 2372 religione,
965 2309 1071 2356 ibid.
1108 2317 1247 2373 ¹746·
1280 2323 1323 2355 et
1356 2311 1514 2370 Magni
1545 2306 1741 2363 Godofr.
1763 2309 2031 2360 Lichtwerii

87 2376 519 2431 commentationem
541 2375 596 2428 de
622 2376 718 2429 iure
736 2377 966 2447 aperiendi
989 2374 1209 2444 sepulcra„
1246 2375 1531 2442 witebergae
1559 2388 1759 2440 1747.4.

1782 2778 2031 2844 INDEX
