2263 3027
221 100 319 158 634
643 91 792 147 CAP.
829 91 955 144 Xlll.
1022 92 1297 147 CLERlCl
1369 93 1463 145 ET
1532 92 1732 146 LAICI.

216 212 421 270 tulliano,
453 219 750 281 Hieronymo
783 215 969 282 aliisque
990 215 1170 283 profert
1193 217 1468 267 Christianus
1493 218 1698 267 Gottlieb
1733 220 1929 267 Kochius
1959 221 2004 266 in
2023 222 2157 286 ephe·

221 285 470 332 meridibus
491 288 670 330 Parrum
696 290 749 331 A.
772 295 907 346 1708.
932 302 972 349 p.
987 300 1063 349 23.
1091 289 1295 335 Suicerus
1315 289 1360 334 in
1381 286 1558 340 λαϊκὲς,
1581 286 1783 357 κληςῑκός
1805 303 1848 335 et
1869 291 2154 348 κοινολοιΐτης,

221 368 262 400 et
286 356 438 399 Petrus
463 353 518 398 de
541 356 692 399 Marca
715 349 809 399 diff.
836 354 891 400 de
914 350 1170 403 discrimine
1182 356 1462 403 clericorum
1475 370 1517 402 et
1539 356 1780 402 Laicorum
1794 372 1847 402 ex
1868 358 1964 402 iure
1985 356 2156 410 diuino,

218 420 272 467 ad
294 420 457 466 calcem
482 422 646 483 Operis
668 419 723 465 de
745 421 1002 468 Concordia
1021 423 1263 470 Sacerdotii
1284 439 1325 468 et
1351 424 1546 486 lmperii.
1617 421 1786 471 lustum
1817 440 1926 470 vero
1949 423 2159 470 Hennin-
2220 460 2226 464 .

217 504 327 549 gum
353 489 653 534 Roehmerum
677 487 797 534 illam
821 487 1153 536 distinSlionem
1175 493 1282 536 iuris
1303 487 1385 536 effe
1408 491 1552 536 diuini
1576 506 1816 552 negantem
1840 488 1955 552 (diss,
1985 498 2027 540 6.
2051 506 2094 536 et
2115 505 2157 549 9.

217 553 280 618 sq.
311 555 365 602 ad
395 553 640 620 Epistol-am
664 555 798 601 Plinii
828 557 883 603 de
915 556 1176 621 Christianis
1197 563 1240 603 e}
1259 558 1354 604 loca
1381 558 1595 621 quaedam
1618 559 1911 620 Tertulliani)
1942 556 2156 605 refellunt

217 621 420 670 austures
445 627 775 669 Memoriarum
798 624 1171 672 Treuoltinarum
1196 631 1246 672 A.
1278 641 1417 684 ¹7¹2·
1439 643 1537 689 pag.
1569 634 1705 682 1800.
1743 628 2011 674 Omittimus
2033 624 2158 688 quod
2180 676 2184 677 ⁷
2212 640 2224 644 “

217 689 384 736 constat
404 691 523 755 apud
549 693 801 755 Aegyptios
821 693 1132 739 Sacerdotibus
1155 690 1257 738 solis
1283 690 1345 739 fas
1370 690 1496 739 fuiffe
1523 691 1636 740 sacra
1657 691 1817 750 faeere,
1853 710 1903 740 vt
1922 693 2041 758 apud
2055 697 2157 739 Per·
2232 701 2243 705 “

218 754 280 804 sas
304 760 462 820 Magis,
485 759 601 823 apud
620 759 776 806 Gallos
799 760 1060 813 Druidibus,
1085 762 1260 807 Bonziis
1280 762 1414 807 hodie
1436 761 1553 826 apud
1579 762 1726 808 indos.
1763 765 2032 827 Qanquam
2044 775 2154 807 vero

220 825 315 872 laxa
337 843 378 873 et
401 825 592 889 Mystica
610 824 932 887 significatione
956 844 1114 874 omnes
1135 826 1375 875 Christiani
1397 826 1496 875 sunt
1517 827 1786 886 sacerdotes;
1821 826 1983 879 confer
2004 825 2156 875 Casau·
2240 871 2245 875 .

219 891 412 940 boniana
442 910 541 958 pag.
579 909 681 942 112.
715 909 758 940 et
777 895 1045 959 interpretes
1068 896 1118 941 ad
1152 896 1291 941 Exod.
1319 899 1440 948 XIX,
1464 901 1502 942 6.
1548 894 1612 943 Es.
1639 900 1752 950 LXI,
1781 905 1825 946 6.
1871 916 1883 942 1
1907 895 2087 946 Petnll,
2114 909 2156 955 ς.
2235 926 2237 930 -

218 962 406 1025 Apocal.
431 962 461 1013 l,
490 965 531 1006 6.
555 977 598 1007 et
624 965 677 1013 V,
704 976 775 1010 10.
811 978 902 1007 non
926 978 1072 1009 tamen
1095 964 1200 1009 inde
1223 960 1420 1026 sequitur
1451 964 1629 1010 nullum
1661 963 1746 1012 esse
1772 963 2011 1012 discrimen
2039 965 2159 1009 inter

219 1028 322 1074 illos
341 1045 453 1091 quos
476 1030 667 1092 Spiritus
688 1031 728 1074 S.
749 1030 1034 1092 peculiariter
1056 1033 1235 1076 vocauit
1255 1031 1306 1076 ad
1328 1029 1589 1095 pascendam
1616 1032 1851 1079 Ecclesiam
1876 1035 1977 1088 Dei,
2005 1028 2157 1078 Asstor.

221 1097 314 1141 XX.
339 1103 415 1150 28.
444 1111 485 1141 ct
510 1112 621 1158 quos
643 1112 735 1141 non
761 1097 951 1150 voc-anit,
985 1096 1238 1160 quibusque
1260 1099 1380 1144 hunc
1403 1098 1627 1146 honorem
1649 1116 1854 1161 arrogare
1885 1098 1964 1145 sibi
1988 1115 2083 1145 non
2108 1097 2158 1143 li·

224 1179 305 1216 cet,
330 1163 471 1209 Hebr.
493 1167 548 1217 V,
574 1181 613 1219 4.
649 1164 867 1225 Qamuis
891 1162 1024 1209 etiarn
1046 1164 1327 1210 Clericorum
1350 1165 1612 1226 dignitatem
1637 1163 1770 1231 super
1785 1169 1940 1213 Laicos
1963 1168 2158 1212 nimium

223 1230 440 1276 extollere
465 1247 555 1277 non
579 1229 840 1275 dubitarunt
864 1231 993 1277 multi
1018 1233 1060 1277 in
1085 1230 1272 1278 Ecclesia
1302 1235 1525 1280 Romana:
1563 1234 1667 1280 vide
1693 1237 1747 1279 D.
1770 1232 2008 1280 Christiani
2031 1232 2158 1278 Tho·
2235 1253 2242 1257 κ

222 1297 345 1343 masii
366 1295 696 1343 obseruationes
721 1298 772 1343 ad
795 1298 1106 1345 Lancellotum
1127 1303 1267 1346 Tom.
1288 1315 1322 1347 1.
1343 1316 1441 1364 pag2
1469 1316 1541 1361 25.
1581 1317 1624 1347 et
1644 1302 1762 1347 Petri
1787 1301 2006 1347 Friderici
2029 1299 2161 1362 Arpii
2243 1320 2245 1324 ·

223 1368 406 1411 Laicuin
430 1366 627 1411 veritatis
649 1365 879 1412 vindicem
898 1364 1152 1431 pag.7.seq.
1193 1370 1432 1415 Laicorum
1454 1383 1603 1414 tamen
1627 1368 1915 1433 appellationi
1934 1384 2014 1429 per
2037 1364 2080 1413 se
2096 1367 2161 1412 ni·

222 1433 289 1480 hil
312 1434 587 1494 ignominiae
609 1433 848 1480 adhaerere
863 1468 874 1488 ‚
909 1438 971 1480 vti
1010 1452 1090 1482 nec
1111 1434 1389 1482 Clericorum
1412 1437 1588 1482 nomini
1610 1437 1887 1498 arrogantiae
1919 1437 2161 1499 quicquam
2233 1485 2236 1488 y

222 1499 358 1547 inesse
383 1500 575 1547 ostendit
598 1503 846 1565 Stephanus
867 1503 1066 1549 Andreas
1091 1503 1308 1549 Mizlerus
1330 1501 1422 1550 diss.
1443 1503 1498 1549 de
1519 1503 1705 1551 Clericis
1729 1519 1770 1550 et
1793 1505 1951 1557 LaiciS‚
1977 1500 2163 1549 Witteb.

231 1571 372 1626 1697.
393 1573 422 1628 ᾖ
439 1576 510 1631 38.
551 1570 670 1614 Laici
696 1572 740 1615 in
754 1569 940 1616 Ecclesia
962 1571 1035 1616 alii
1059 1568 1212 1616 fideles
1234 1586 1359 1617 erant
1379 1570 1465 1618 siue
1480 1589 1561 1635 per
1582 1569 1851 1636 baptismum
1878 1573 1964 1617 iam
1986 1569 2162 1623 initiati,

224 1636 297 1682 alii
317 1638 653 1683 Catechumeni.
723 1637 853 1684 Adde
873 1639 1044 1684 Thom.
1068 1639 1219 1685 Milles
1240 1639 1292 1684 ad
1307 1640 1531 1703 Cyrillum
1552 1636 1778 1686 Hierosol.
1807 1656 1904 1703 pag.
1926 1653 1997 1695 17.
2039 1633 2159 1682 Iose-

224 1705 368 1766 phum
392 1705 692 1765 Binghamum
718 1707 894 1766 Origin.
920 1703 1186 1753 ecclesiastic.
1209 1705 1284 1752 lib.
1310 1724 1344 1755 ι.
1375 1724 1466 1770 cap.
1486 1723 1575 1768 3.4
1605 1723 1645 1763 5.
1682 1721 1725 1751 et
1745 1707 1865 1753 loan.
1893 1704 2161 1749 Laur.Mos-

226 1772 368 1816 hemii
398 1770 558 1819 dill'ert.
588 1771 643 1818 de
671 1771 958 1819 distinetione
995 1775 1112 1819 inter
1144 1774 1328 1819 clericos
1349 1789 1392 1819 et
1413 1774 1561 1826 laicOS,
1582 1770 1770 1817 Helmst.
1802 1785 1943 1833 1725.
1980 1769 2161 1815 editam.

224 1836 392 1888 Λαϊκός
413 1838 548 1904 {sesi-s
569 1841 896 1887 recentioribus
916 1838 1096 1887 saeculis
1117 1837 1274 1894 distus,
1305 1841 1382 1902 qui
1403 1856 1495 1885 non
1517 1836 1577 1885 est
1601 1840 1874 1889 Monachus:
1906 1837 1972 1882 vti
1995 1837 2161 1882 Hiero-

227 1905 499 1957 monachus,
531 1908 784 1952 Monachus
813 1911 888 1971 qui
910 1909 1028 1954 idem
1058 1905 1118 1954 est
1136 1907 1387 1969 Presbyter.
1464 1903 1661 1952 Vicissim
1688 1906 1938 1952 Monachus
1959 1901 2158 1969 οένιερές,

230 1974 307 2035 qui
332 1989 424 2018 non
449 1971 509 2018 est
528 1969 752 2025 sacerd05‚
777 1992 856 2020 nec
879 1973 993 2021 sacra
1013 1971 1205 2020 faciendi
1227 1973 1314 2020 siue
1339 1969 1513 2020 Missam
1539 1973 1793 2021 celebrandi
1814 1971 1945 2019 habet
1966 1969 2159 2036 potesta..
2226 2029 2230 2031 Α

229 2056 333 2087 tem.
372 2040 440 2086 Ad
464 2040 612 2086 locum
634 2041 907 2086 Tertulliani
930 2043 1148 2088 exhort-at.
1173 2042 1226 2087 de
1248 2040 1435 2089 castitate
1455 2059 1490 2087 c.
1514 2056 1554 2103 7.
1591 2043 1792 2088 Sacerdos
1812 2057 1853 2086 es
1871 2037 2086 2100 tibisblus,
2115 2049 2157 2084 ct

227 2106 303 2155 vbi
327 2120 441 2160 tres,
471 2108 640 2169 Ecclesia
658 2108 732 2169 est,
753 2108 849 2154 licet
868 2110 986 2155 laici.-
1026 2107 1211 2155 celebris
1236 2107 1296 2155 est
1315 2112 1504 2174 Hugonis
1525 2110 1676 2157 Grotii
1705 2106 1944 2156 dissertatio
1968 2106 2022 2152 de
2047 2110 2160 2152 Coe·

228 2192 310 2222 nae
334 2173 816 2227 administratione,vbi
843 2175 1038 2223 Pastores
1059 2193 1151 2222 non
1173 2173 1340 2229 suimet
1361 2179 1548 2240 DiOWsti
1565 2181 1737 2225 Petauii
1756 2177 1810 2223 de
1832 2175 2157 2222 communione

228 2241 319 2290 line
340 2239 556 2306 symbolis
581 2244 746 2289 Grotio
768 2242 983 2307 opposita,
1008 2244 1115 2290 etde
1134 2243 1347 2308 potestate
1368 2243 1654 2292 consecrandi
1674 2260 1716 2293 et
1731 2241 2003 2292 sacrificandi
2023 2238 2157 2287 sacci·-

230 2309 410 2357 dotibus
443 2328 464 2356 a
494 2313 592 2356 Deo
623 2308 818 2357 concessa
850 2312 995 2376 deque
1030 2315 1354 2359 communione
1385 2310 1662 2378 vsurpanda,
1698 2316 1812 2360 Ioan.
1845 2307 2160 2376 Cloppenbutgii

230 2375 408 2426 censura
433 2375 744 2425 dissertationis
765 2376 940 2443 semper
960 2381 1386 2427 communicandum
1410 2398 1490 2446 per
1512 2378 1730 2444 symbola,
1754 2396 1796 2428 et
1809 2381 1941 2425 Henr.
1956 2378 2158 2422 Dodluelli

231 2444 471 2492 dissertatio
493 2446 547 2493 de
568 2447 662 2493 iure
684 2449 923 2494 Laicorum
945 2445 1223 2504 sacerdotali,
1262 2446 1416 2495 excusa
1438 2450 1639 2496 Lond‘m'i
1671 2452 1811 2505 1685,
1832 2453 1873 2501 8-
1904 2440 2041 2490 Hisce
2064 2445 2158 2489 iun·

231 2530 356 2573 gatur
377 2515 537 2560 Nicolai
554 2516 749 2579 Rigaltii‚
770 2533 870 2562 cum
884 2518 1050 2563 Grotio
1073 2513 1288 2572 facientis,
1308 2516 1483 2563 libellus
1505 2534 1604 2564 raro
1619 2515 1795 2571 obuius,
1813 2513 1864 2558 ad
1891 2511 2017 2557 illum
2042 2514 2155 2557 Ter·
2217 2556 2220 2560 .

226 2579 396 2625 tulliani
422 2581 586 2635 locum,
624 2582 679 2629 de
703 2599 792 2646 quo
815 2581 976 2631 confer
998 2585 1207 2630 Richardi
1228 2586 1420 2631 Simonii
1440 2584 1515 2631 lib.
1534 2601 1569 2633 1.
1589 2582 1773 2648 Epistol.
1793 2577 1938 2627 sele-st.
1959 2596 1997 2640 3.
2021 2595 2062 2642 p.
2081 2592 2101 2625 1
2118 2591 2156 2626 1.
2200 2595 2202 2597 ’

223 2644 375 2692 licebit
397 2649 527 2694 etiam
552 2647 761 2698 conferre
783 2651 896 2699 loan.
920 2653 1143 2698 Harduini
1173 2656 1326 2716 Opera
1352 2648 1508 2699 selesta
1537 2669 1635 2717 pag.
1658 2666 1766 2710 297.
1791 2644 1882 2710 sqq·
1930 2661 2033 2707 300.
2059 2642 2153 2707 sqq·

225 2716 457 2779 Dupinium
477 2718 614 2766 Tom.
644 2733 660 2764 1
673 2735 714 2779 7.
734 2736 833 2784 pag.
859 2735 884 2767 2
897 2735 968 2785 14.
989 2715 1081 2784 sqq.
1118 2718 1302 2769 Gabriel.
1323 2718 1633 2788 Albaspinaeum
1650 2717 1768 2766 libro
1788 2712 2156 2828 secundOgPfiifclg

2009 2799 2053 2829 xa
