2263 3027
499 61 592 114 DE
662 45 1033 114 PASCHATE
1097 54 1192 108 ET
1260 55 1622 114 BAPTffiMo.
1931 71 2034 120 549>

75 183 251 256 ‘potuit
271 201 420 236 tamen
441 186 537 234 aliis
557 186 740 252 oppidis
759 179 960 246 vicisque
979 181 1024 227 id
1046 179 1147 227 fieri
1167 199 1191 228 a
1212 183 1381 229 Leuitis
1401 198 1483 247 per
1503 196 1660 228 omnes
1686 177 1828 227 tribus
1862 175 2027 225 Israeli-

101 259 207 305 ticas
226 254 444 321 dispositis
465 272 518 302 eo
540 252 736 306 consilio,
760 267 810 298 vt
834 249 1059 315 populum
1082 266 1402 313 vsquequaque
1420 251 1564 311 legem
1577 251 1664 295 Dei
1685 263 1728 295 et
1740 247 1902 294 iudicia
1924 247 2028 323 edo-

101 339 265 372 cerent.
296 326 418 369 Nam
437 321 643 384 etPafiha
660 335 840 383 quoque
861 315 1110 364 inaffiabant
1132 333 1225 363 non
1246 317 1503 364 Sacerdotes
1525 317 1664 363 modo
1685 313 1760 363 sed
1778 329 1822 362 et
1833 320 2028 370 Leuitae.

24 408 27 410 ’
102 392 321 441 2Chron.
343 393 475 445 XXX,
500 404 540 450 3.
567 385 695 452 quisi
725 402 821 432 non
850 382 1125 437 sufficerent,
1156 387 1288 430 etiam
1318 403 1340 430 a
1373 383 1574 449 quolibet
1603 380 1918 449 patrefamilias
1947 399 2029 448 po-

47 470 59 494 ’ῑ
102 455 229 505 tuisse
246 460 293 504 id
314 456 413 506 fieri
433 453 633 503 obseruat
651 457 696 501 Β.
720 456 773 500 D.
799 451 899 502 Seb.
921 451 1174 498 Schmidius
1194 452 1311 497 libro
1337 453 1390 498 de
1411 454 1614 499 Paichate
1643 468 1689 516 p.
1706 461 1819 510 187.
1837 450 1952 497 licet
1978 464 2029 498 vt

100 526 224 572 idem
244 543 287 590 p.
318 531 421 585 191‘.
449 536 602 571 monet
621 523 668 568 in
693 521 787 567 aliis
809 517 1030 567 sacrificiis
1052 517 1257 565 maglano
1280 520 1411 566 alicui
1430 537 1453 566 e
1474 519 1649 584 populo
1672 518 1792 568 haud
1822 515 2031 582 permissa

100 589 232 640 fuisse
254 592 470 642 videatur.
538 586 710 637 Confer
728 605 772 653 p.
796 602 906 641 201,
931 602 1024 651 305
1049 584 1110 650 sq.
1130 585 1211 633 vbi
1231 587 1432 632 mulieris
1452 588 1498 633 in
1518 589 1622 649 agni
1632 584 1846 651 paschalis
1869 584 2031 635 mafla-

103 661 229 709 tione
250 675 395 724 partes
412 654 553 710 fuiffe,
576 657 702 703 nullo
725 655 934 721 exemplo
960 654 1147 719 probari
1165 651 1289 718 posse
1312 652 1513 706 affirmat.
1568 653 1695 701 Alios
1715 651 1954 718 scriptores
1975 655 2031 702 de

103 725 263 774 ritibus
283 728 383 788 agni
405 741 657 788 coenaeque
679 722 890 789 paschalis
910 721 1187 769 laudauimus
1208 723 1350 786 capite
1365 718 1593 785 superiore
1606 738 1750 786 p.430
1761 719 1854 785 sqq.
1874 721 1953 769 vbi
1976 722 2032 772 de

103 789 216 841 festo
243 791 492 841 Paschatos:
527 792 687 855 quibus
710 791 903 838 addendi
921 791 1055 837 etiam
1077 790 1155 854 qui
1175 786 1339 835 sacram
1371 806 1554 836 coenam
1585 787 1749 835 Christi
1767 788 2031 839 Eucharisti-

103 877 204 908 eam
221 878 276 909 ex
294 860 452 908 ritibus
477 860 665 907 Iudaicis
685 857 924 912 illustrant,
949 873 1080 923 atque
1099 873 1209 904 mox
1233 855 1352 904 infra
1373 874 1394 903 a
1413 856 1545 903 nobis
1564 854 1832 904 referentur.

271 950 426 996 XXV.
495 951 618 995 Inter
637 951 915 995 Sacramenta
939 948 1068 994 Noui
1090 943 1362 994 Testamenti
1384 947 1585 1011 primum
1608 944 1668 992 est
1686 946 1942 1013 Baptismus,
1977 947 2035 996 de

104 1016 229 1062 euius
255 1015 414 1062 ritibus
435 1016 483 1061 in
503 1018 646 1063 veteri
666 1015 853 1063 Ecclesia
874 1014 1038 1062 vsitatis
1056 1028 1234 1080 praeter
1253 1030 1441 1070 vetereS,
1467 1014 1693 1077 Cyrillum
1723 1011 1952 1063 Hierosol.
1985 1017 2037 1062 in

105 1081 414 1130 Catechesibus
449 1084 675 1148 Vtrisque,
706 1087 921 1131 Seuerum
944 1085 1071 1132 Alex.
1095 1083 1150 1129 de
1169 1082 1330 1130 ritibus
1350 1079 1573 1146 Baptismi,
1599 1082 1845 1129 Nicolaum
1870 1079 2039 1130 Cabas-i·

106 1149 196 1196 lam
216 1150 334 1197 libro
361 1167 404 1198 2.
425 1150 481 1197 de
500 1153 592 1198 vita
610 1154 658 1198 in
679 1150 856 1199 Christo
880 1148 1143 1199 consulendi
1166 1149 1272 1196 libri
1296 1165 1338 1210 ς.
1363 1149 1517 1217 Iosephi
1542 1153 1822 1205 Vicecomitiss
1846 1149 2038 1197 Ambro-

106 1214 215 1263 {iani
237 1223 285 1257 24
305 1217 498 1278 Collegii
515 1217 730 1266 Dostoris
751 1220 943 1267 Mediol.
968 1230 1053 1271 161
1068 1234 1108 1279 ς,
1130 1235 1176 1282 4.
1197 1232 1241 1264 et
1258 1215 1389 1265 Paris.
1412 1223 1549 1274 1618,
1573 1226 1615 1272 8.
1637 1236 1692 1265 ex
1714 1235 1804 1283 quo
1824 1218 2040 1282 pleraque

108 1280 526 1330 desumfit'Casalius
559 1301 670 1346 quae
697 1287 744 1330 in
774 1285 891 1331 libro
916 1286 972 1332 de
1002 1284 1540 1332 ritibusChristianorum
1563 1284 1696 1332 habet
1714 1287 1769 1332 de
1800 1286 1890 1332 hoc
1911 1302 2039 1347 argu·

108 1363 280 1396 mento.
348 1347 664 1397 Dostiffimum
688 1365 731 1398 et
752 1352 1012 1412 multiiugae
1033 1350 1239 1397 leffionis
1257 1353 1533 1414 Scriptorein
1565 1352 1685 1398 hunc
1705 1354 2040 1400 Vicecomitem

110 1431 241 1463 vocat
259 1416 387 1466 Gerh.
413 1417 527 1464 loan.
553 1418 718 1479 Vqffi'us,
740 1423 783 1456 25
806 1420 929 1464 cuius
949 1418 1196 1483 praeclarae
1212 1417 1368 1463 itidem
1395 1417 1449 1463 de
1473 1415 1693 1482 baptismo
1716 1417 2039 1468 dissertationes

109 1483 292 1537 exstant,
311 1481 491 1531 seorsim
508 1485 610 1549 plus
631 1484 823 1549 simplici
835 1488 939 1532 'vice
961 1486 1124 1541 editae,
1159 1499 1202 1530 et
1219 1484 1414 1547 denique
1443 1484 1658 1549 operibus
1678 1484 1819 1533 Voffii
1849 1486 2040 1536 iunffim

108 1550 302 1612 vulgatis
323 1554 479 1598 Tomo
501 1561 548 1602 6.
567 1549 767 1601 insertae.
821 1553 1055 1598 Videndus
1076 1553 1209 1598 etiam
1233 1552 1502 1603 loJDallaeus
1525 1552 1642 1598 libro
1664 1554 1816 1617 primo
1838 1556 1894 1602 de
1914 1555 2042 1603 cul'ti-

108 1614 193 1664 bus
214 1617 430 1679 religiosis
449 1616 730 1666 Latinorum.v
792 1618 969 1665 ’Iacobus
994 1620 1144 1675 Billius
1160 1620 1204 1664 in
1227 1615 1613 1679 obseruationibus
1633 1616 1782 1683 sacris,
1799 1624 2042 1670 Edmundus

107 1685 313 1743 Martem
332 1684 451 1731 libro
474 1686 529 1732 de
558 1686 718 1732 ritibus
739 1685 1034 1733 ecclesiasticis
1052 1688 1218 1750 prim0.
1263 1687 1437 1731 William
1468 1687 1568 1732 Walt
1586 1688 1632 1733 in
1657 1687 1829 1735 erudita
1839 1689 2042 1738 Historia

108 1750 464 1817 Paedobaptismi
485 1753 675 1815 Anglice
699 1754 814 1800 edita
840 1753 959 1800 libro
977 1770 1020 1800 2.
1043 1771 1080 1804 c.
1093 1769 1138 1815 9.
1173 1756 1229 1799 D.
1251 1753 1479 1814 Balthafizr
1499 1752 1685 1801 Bebelius
1708 1758 1823 1803 Saec.
1843 1764 1886 1806 6.
1915 1761 1974 1804 T.
1995 1771 2043 1809 2.

108 1826 416 1883 p.763-791.
450 1823 508 1867 D.
528 1820 588 1869 Io.
608 1821 774 1883 Mustzei
795 1818 886 1868 diff
918 1822 973 1868 de
993 1821 1155 1867 ritibus
1173 1822 1431 1884 primitiuae
1453 1820 1667 1870 Ecclesiae
1693 1822 2043 1889 baptismalibus,

112 1888 243 1933 Ienae
269 1896 407 1949 1674.
449 1889 559 1934 Ioan.
580 1887 892 1935 Hoornbeckius
915 1890 962 1935 in
985 1885 1282 1935 Miscellancis
1304 1885 1435 1936 sacris
1461 1907 1562 1953 pag.
1586 1898 1685 1953 462
1704 1888 1767 1956 sq.
1814 1896 1929 1942 Frid,
1951 1894 2042 1943 Vlr.

114 1953 306 1999 Calixtus
325 1954 371 1999 in
395 1951 636 2017 disput:2de
658 1953 879 2020 baptismo
900 1971 944 2003 et
961 1958 1155 2020 antiquis
1174 1957 1288 2003 circa
1310 1973 1414 2004 eum
1436 1957 1597 2004 ritibus
1618 1965 1674 2008 16
1681 1974 1755 2015 50.
1778 1961 1948 2016 habita,
1971 1979 2045 2008 cu-

113 2018 231 2080 ius‘§
255 2032 334 2077 25.
358 2019 595 2083 profitetur
612 2020 654 2069 se
675 2041 729 2071 cx
750 2021 1113 2071 annotationibus
1132 2037 1177 2071 et
1195 2021 1455 2075 aduersariis
1475 2027 1673 2073 Parentis
1694 2024 1761 2073 sui
1781 2028 1960 2095 Georgii
1969 2033 2046 2076 Ca*

115 2086 218 2133 lixti
233 2083 483 2150 profeciss'e.
518 2088 760 2136 Gebhardus
786 2092 933 2138 Theod.
953 2095 1144 2139 Meierus
1163 2091 1219 2138 de
1233 2092 1376 2139 tribus
1399 2109 1629 2140 nouorum
1639 2094 1851 2144 Ecclesiae
1871 2094 2049 2144 nascen‘

114 2154 172 2201 tis
183 2152 537 2201 Christianorum
558 2156 860 2207 initiamentis.
879 2157 1149 2211 Helmstadii
1171 2175 1183 2207 ι
1195 2166 1225 2206 6
1228 2175 1307 2217 90.
1343 2161 1491 2226 Iofiph.
1511 2161 1766 2226 Binghamns
1776 2167 1952 2226 Origin.
1962 2167 2044 2211 Ec-

115 2220 330 2269 clesiastic.
350 2221 428 2269 lib.
460 2238 475 2267 1
493 2236 530 2269 1.
551 2237 594 2269 et
613 2224 660 2270 in
679 2224 861 2272 historia
880 2224 1132 2274 scholastica
1151 2225 1361 2289 baptismi
1381 2227 1613 2282 laicorum,
1634 2245 1767 2293 quam
1789 2232 1923 2278 latine
1945 2232 2043 2278 red-

117 2288 257 2338 ditam
281 2306 384 2338 cum
403 2287 546 2338 tribus
564 2290 662 2348 aliis
683 2293 882 2342 ciusdem
901 2291 1094 2343 aneioris
1110 2293 1252 2341 edidit
1276 2290 2045 2348 Ioan.¹Henr.⁴Grischouius.Halae

1898 2375 2045 2432 1738,

175 2486 217 2515 ²⁴·
244 2485 349 2526 Hinc
365 2498 563 2540 perperam
589 2485 812 2528 Ambrofiu's
829 2488 968 2531 dicitur
984 2490 1125 2533 Voetio
1146 2492 1264 2537 Tom.
1278 2501 1317 2544 3.
1334 2489 1416 2532 diff.
1433 2489 1553 2532 sele&
1575 2500 1721 2547 p.935v

174 2540 211 2589 ²,5
241 2541 388 2582 Voffius
410 2544 449 2583 in
473 2544 632 2597 Epistola
655 2543 701 2583 ml
726 2545 961 2593 Guilelmum
985 2548 1176 2592 Laudum,
1197 2545 1422 2600 Episcopum
1445 2559 1537 2586 tunc
1560 2543 1864 2593 Londinensem,
1885 2546 1969 2588 data
1991 2549 2042 2588 A.

119 2595 168 2636 C.
191 2596 307 2643 1628.
332 2600 428 2650 prid.
449 2601 542 2639 Nat.
566 2600 669 2638 Dom
717 2599 832 2639 Plane
851 2601 1001 2652 confide,
1021 2616 1077 2642 me
1094 2604 1310 2655 neutiquam
1322 2601 1399 2654 post
1417 2600 1603 2654 Iafi’phum
1623 2602 1873 2643 Vicecomitem
1897 2613 2045 2655 operam

120 2646 300 2703 (ufhrum,
321 2653 377 2692 ita
399 2654 519 2693 multa
541 2654 633 2693 bona
653 2653 860 2707 obseruaui,
879 2656 912 2694 ei
935 2657 1086 2696 indiae.
1129 2655 1133 2658 ⁴
1150 2657 1199 2695 Et
1217 2656 1280 2696 vbi
1299 2658 1565 2703 concurrimus,
1596 2656 1702 2697 hreni
1718 2665 1801 2698 rem'
1818 2659 2045 2711 complec't‘ar,

117 2703 212 2755 quia
231 2705 309 2745 eius
327 2716 473 2760 operam
492 2719 663 2750 excutere
683 2710 729 2751 de
749 2709 918 2752 manibus
929 2710 1073 2766 me'est
1095 2712 1252 2752 animus.
1320 2711 1501 2768 Pleraque
1525 2711 1653 2755 ‘etium‘
1665 2713 1992 2769 digeramxmeliuc
2008 2719 2046 2758 et

121 2758 328 2818 tucioribus
344 2764 432 2807 aliis
441 2764 615 2819 firmabo.
1197 2823 1236 2872 Z

1249 2836 1275 2872 Ζ
1284 2838 1311 2872 Ζ
