<?xml version="1.0" encoding="UTF-8"?>
<!DOCTYPE html PUBLIC "-//W3C//DTD XHTML 1.0 Transitional//EN"
    "http://www.w3.org/TR/xhtml1/DTD/xhtml1-transitional.dtd">
<html xmlns="http://www.w3.org/1999/xhtml" xml:lang="en" lang="en">
 <head>
  <title>
</title>
<meta http-equiv="Content-Type" content="text/html;charset=utf-8" />
  <meta name='ocr-system' content='tesseract 3.04.00' />
  <meta name='ocr-capabilities' content='ocr_page ocr_carea ocr_par ocr_line ocrx_word'/>
</head>
<body>
  <div class='ocr_page' id='page_1' title='image "./ioalbertifabrici00fabr/ioalbertifabrici00fabr_0731.png"; bbox 0 0 2263 3027; ppageno 0'>
   <div class='ocr_carea' id='block_1_1' title="bbox 359 100 2033 232">
    <p class='ocr_par' dir='ltr' id='par_1_1' title="bbox 208 100 2033 232">
     <span class='ocr_line' id='line_1_1' title="bbox 359 100 2033 232; baseline -0.005 -33.745"><span class='ocrx_word' id='word_1_1' title='bbox 359 134 708 206; x_wconf 53' lang='lat' dir='ltr'>ammas,</span> <span class='ocrx_word' id='word_1_2' title='bbox 733 132 1037 232; x_wconf 68' lang='lat' dir='ltr'>vtoiu‘rr</span> <span class='ocrx_word' id='word_1_3' title='bbox 1057 128 1228 205; x_wconf 68' lang='lat' dir='ltr'>vim,</span> <span class='ocrx_word' id='word_1_4' title='bbox 1264 132 1740 194; x_wconf 76' lang='lat' dir='ltr'>DICTATOR-Es.</span> <span class='ocrx_word' id='word_1_5' title='bbox 1780 167 1784 172; x_wconf 85' lang='lat'><em>.</em></span> <span class='ocrx_word' id='word_1_6' title='bbox 1814 137 1818 140; x_wconf 87' lang='grc'><strong><em>·</em></strong></span> <span class='ocrx_word' id='word_1_7' title='bbox 1929 100 2033 203; x_wconf 59' lang='grc' dir='ltr'>ἐιῑ</span> 
     </span>
    </p>
   </div>
   <div class='ocr_carea' id='block_1_2' title="bbox 17 258 2105 1620">
    <p class='ocr_par' dir='ltr' id='par_1_2' title="bbox 17 258 2105 1269">
     <span class='ocr_line' id='line_1_2' title="bbox 118 258 2034 338; baseline -0.005 -16"><span class='ocrx_word' id='word_1_8' title='bbox 118 288 122 290; x_wconf 72' lang='grc'>’</span> <span class='ocrx_word' id='word_1_9' title='bbox 200 267 305 322; x_wconf 51' lang='lat' dir='ltr'>*De</span> <span class='ocrx_word' id='word_1_10' title='bbox 326 273 534 322; x_wconf 77' lang='lat' dir='ltr'>Aedilibus</span> <span class='ocrx_word' id='word_1_11' title='bbox 556 267 971 338; x_wconf 54' lang='lat' dir='ltr'>liueoe&#39;yoeocvo&#39;pxocs·</span> <span class='ocrx_word' id='word_1_12' title='bbox 1000 283 1045 317; x_wconf 85' lang='lat' dir='ltr'>et</span> <span class='ocrx_word' id='word_1_13' title='bbox 1072 260 1304 333; x_wconf 64' lang='grc' dir='ltr'><strong><em>οἶςύνέμὸις</em></strong></span> <span class='ocrx_word' id='word_1_14' title='bbox 1329 271 1643 317; x_wconf 79' lang='lat' dir='ltr'>Romanorum</span> <span class='ocrx_word' id='word_1_15' title='bbox 1655 269 1679 322; x_wconf 84' lang='grc'>,’</span> <span class='ocrx_word' id='word_1_16' title='bbox 1701 266 1794 316; x_wconf 87' lang='lat' dir='ltr'>viri</span> <span class='ocrx_word' id='word_1_17' title='bbox 1820 260 1944 312; x_wconf 72' lang='lat' dir='ltr'>doffi</span> <span class='ocrx_word' id='word_1_18' title='bbox 1975 258 2034 330; x_wconf 75' lang='lat' dir='ltr'>ad·</span> 
     </span>
     <span class='ocr_line' id='line_1_3' title="bbox 93 333 2031 408; baseline -0.006 -17"><span class='ocrx_word' id='word_1_19' title='bbox 93 345 403 408; x_wconf 86' lang='lat' dir='ltr'>Pomponium</span> <span class='ocrx_word' id='word_1_20' title='bbox 435 344 491 389; x_wconf 90' lang='lat' dir='ltr'>de</span> <span class='ocrx_word' id='word_1_21' title='bbox 521 343 698 404; x_wconf 81' lang='lat' dir='ltr'>origine</span> <span class='ocrx_word' id='word_1_22' title='bbox 731 341 840 385; x_wconf 88' lang='lat' dir='ltr'>iuris</span> <span class='ocrx_word' id='word_1_23' title='bbox 867 354 911 385; x_wconf 91' lang='lat' dir='ltr'>et</span> <span class='ocrx_word' id='word_1_24' title='bbox 940 338 1229 402; x_wconf 85' lang='lat' dir='ltr'>Tiraquellus</span> <span class='ocrx_word' id='word_1_25' title='bbox 1264 337 1318 384; x_wconf 86' lang='lat' dir='ltr'>ad</span> <span class='ocrx_word' id='word_1_26' title='bbox 1353 337 1656 385; x_wconf 71' lang='lat' dir='ltr'>Alexandrum</span> <span class='ocrx_word' id='word_1_27' title='bbox 1681 334 1734 382; x_wconf 87' lang='lat' dir='ltr'>ab</span> <span class='ocrx_word' id='word_1_28' title='bbox 1771 333 2031 383; x_wconf 73' lang='lat' dir='ltr'>Alexandro</span> 
     </span>
     <span class='ocr_line' id='line_1_4' title="bbox 17 400 2027 475; baseline -0.005 -17"><span class='ocrx_word' id='word_1_29' title='bbox 17 420 21 424; x_wconf 84' lang='grc'><strong>“</strong></span> <span class='ocrx_word' id='word_1_30' title='bbox 93 409 212 458; x_wconf 86' lang='lat' dir='ltr'>libro</span> <span class='ocrx_word' id='word_1_31' title='bbox 238 415 314 460; x_wconf 89' lang='lat' dir='ltr'>IV.</span> <span class='ocrx_word' id='word_1_32' title='bbox 340 427 434 475; x_wconf 88' lang='lat' dir='ltr'>cap.</span> <span class='ocrx_word' id='word_1_33' title='bbox 462 423 508 471; x_wconf 90' lang='lat'>4.</span> <span class='ocrx_word' id='word_1_34' title='bbox 577 406 750 472; x_wconf 80' lang='lat' dir='ltr'>Lipsius</span> <span class='ocrx_word' id='word_1_35' title='bbox 776 406 830 453; x_wconf 86' lang='lat' dir='ltr'>ad</span> <span class='ocrx_word' id='word_1_36' title='bbox 849 409 1060 453; x_wconf 85' lang='lat' dir='ltr'>Senecam</span> <span class='ocrx_word' id='word_1_37' title='bbox 1092 407 1152 453; x_wconf 88' lang='lat' dir='ltr'>de·</span> <span class='ocrx_word' id='word_1_38' title='bbox 1177 408 1280 452; x_wconf 82' lang='lat' dir='ltr'>vita-</span> <span class='ocrx_word' id='word_1_39' title='bbox 1299 404 1423 452; x_wconf 81' lang='lat' dir='ltr'>beata</span> <span class='ocrx_word' id='word_1_40' title='bbox 1456 422 1548 470; x_wconf 83' lang='lat' dir='ltr'>cap.</span> <span class='ocrx_word' id='word_1_41' title='bbox 1569 420 1616 467; x_wconf 83' lang='lat'>7.</span> <span class='ocrx_word' id='word_1_42' title='bbox 1636 401 1761 468; x_wconf 76' lang='lat' dir='ltr'>Casp.</span> <span class='ocrx_word' id='word_1_43' title='bbox 1792 400 2027 462; x_wconf 84' lang='lat' dir='ltr'>Zieglerus</span> 
     </span>
     <span class='ocr_line' id='line_1_5' title="bbox 93 467 2031 540; baseline -0.006 -15"><span class='ocrx_word' id='word_1_44' title='bbox 93 480 151 525; x_wconf 91' lang='lat' dir='ltr'>de</span> <span class='ocrx_word' id='word_1_45' title='bbox 183 477 328 525; x_wconf 55' lang='lat' dir='ltr'>editio</span> <span class='ocrx_word' id='word_1_46' title='bbox 359 477 555 525; x_wconf 81' lang='lat' dir='ltr'>aedilitio</span> <span class='ocrx_word' id='word_1_47' title='bbox 582 492 682 540; x_wconf 81' lang='lat' dir='ltr'>pag.</span> <span class='ocrx_word' id='word_1_48' title='bbox 709 488 804 536; x_wconf 86' lang='lat'>773</span> <span class='ocrx_word' id='word_1_49' title='bbox 837 471 931 538; x_wconf 86' lang='lat' dir='ltr'><strong>sqq.</strong></span> <span class='ocrx_word' id='word_1_50' title='bbox 962 471 1314 520; x_wconf 79' lang='lat' dir='ltr'>dissertationum</span> <span class='ocrx_word' id='word_1_51' title='bbox 1347 470 1618 524; x_wconf 66' lang='lat' dir='ltr'>seleS&#39;tarum.</span> <span class='ocrx_word' id='word_1_52' title='bbox 1686 474 1809 518; x_wconf 82' lang='lat' dir='ltr'>Ioan‚</span> <span class='ocrx_word' id='word_1_53' title='bbox 1842 467 2031 531; x_wconf 82' lang='lat' dir='ltr'>Augusti</span> 
     </span>
     <span class='ocr_line' id='line_1_6' title="bbox 91 537 2061 605; baseline -0.005 -12"><span class='ocrx_word' id='word_1_54' title='bbox 91 547 264 593; x_wconf 87' lang='lat' dir='ltr'>Olearii</span> <span class='ocrx_word' id='word_1_55' title='bbox 292 543 384 592; x_wconf 83' lang='lat' dir='ltr'>diss.</span> <span class='ocrx_word' id='word_1_56' title='bbox 415 544 468 592; x_wconf 89' lang='lat' dir='ltr'>de</span> <span class='ocrx_word' id='word_1_57' title='bbox 491 543 723 591; x_wconf 86' lang='lat' dir='ltr'>Aedilibus</span> <span class='ocrx_word' id='word_1_58' title='bbox 743 544 1051 588; x_wconf 84' lang='lat' dir='ltr'>Romanorum</span> <span class='ocrx_word' id='word_1_59' title='bbox 1066 576 1079 598; x_wconf 85' lang='lat'>‚</span> <span class='ocrx_word' id='word_1_60' title='bbox 1117 539 1290 605; x_wconf 76' lang='lat' dir='ltr'>Lipsiae</span> <span class='ocrx_word' id='word_1_61' title='bbox 1312 541 1428 587; x_wconf 79' lang='lat' dir='ltr'>edita</span> <span class='ocrx_word' id='word_1_62' title='bbox 1452 546 1506 591; x_wconf 88' lang='lat' dir='ltr'>A.</span> <span class='ocrx_word' id='word_1_63' title='bbox 1540 547 1678 602; x_wconf 86' lang='lat'>1692.</span> <span class='ocrx_word' id='word_1_64' title='bbox 1712 553 1756 586; x_wconf 89' lang='lat' dir='ltr'>et</span> <span class='ocrx_word' id='word_1_65' title='bbox 1778 537 2061 584; x_wconf 81' lang='lat' dir='ltr'>Euerardus·</span> 
     </span>
     <span class='ocr_line' id='line_1_7' title="bbox 93 602 2032 675; baseline -0.004 -15"><span class='ocrx_word' id='word_1_66' title='bbox 93 617 205 661; x_wconf 89' lang='lat' dir='ltr'>Otto</span> <span class='ocrx_word' id='word_1_67' title='bbox 223 613 340 659; x_wconf 87' lang='lat' dir='ltr'>libro</span> <span class='ocrx_word' id='word_1_68' title='bbox 357 613 532 675; x_wconf 75' lang='lat' dir='ltr'>erudito</span> <span class='ocrx_word' id='word_1_69' title='bbox 552 610 608 656; x_wconf 91' lang='lat' dir='ltr'>de</span> <span class='ocrx_word' id='word_1_70' title='bbox 621 609 852 658; x_wconf 82' lang='lat' dir='ltr'>Aedilibus</span> <span class='ocrx_word' id='word_1_71' title='bbox 863 610 1155 657; x_wconf 76' lang='lat' dir='ltr'>Coloniarum</span> <span class='ocrx_word' id='word_1_72' title='bbox 1183 624 1225 655; x_wconf 91' lang='lat' dir='ltr'>et</span> <span class='ocrx_word' id='word_1_73' title='bbox 1236 611 1597 673; x_wconf 85' lang='lat' dir='ltr'>Municipiorum</span> <span class='ocrx_word' id='word_1_74' title='bbox 1610 641 1622 662; x_wconf 87' lang='lat'>‚</span> <span class='ocrx_word' id='word_1_75' title='bbox 1655 602 1864 657; x_wconf 78' lang='lat' dir='ltr'>Francof.</span> <span class='ocrx_word' id='word_1_76' title='bbox 1885 615 2032 667; x_wconf 65' lang='lat'><em>1713.</em></span> 
     </span>
     <span class='ocr_line' id='line_1_8' title="bbox 94 673 2034 743; baseline -0.003 -15"><span class='ocrx_word' id='word_1_77' title='bbox 94 696 139 728; x_wconf 85' lang='lat' dir='ltr'>et</span> <span class='ocrx_word' id='word_1_78' title='bbox 159 683 316 728; x_wconf 79' lang='lat' dir='ltr'>Vltrai.</span> <span class='ocrx_word' id='word_1_79' title='bbox 344 674 490 741; x_wconf 47' lang='lat'>1732(</span> <span class='ocrx_word' id='word_1_80' title='bbox 509 687 666 741; x_wconf 83' lang='lat' dir='ltr'>8.·quo</span> <span class='ocrx_word' id='word_1_81' title='bbox 690 679 738 724; x_wconf 89' lang='lat' dir='ltr'>in</span> <span class='ocrx_word' id='word_1_82' title='bbox 760 678 879 724; x_wconf 85' lang='lat' dir='ltr'>libro</span> <span class='ocrx_word' id='word_1_83' title='bbox 898 678 1153 743; x_wconf 68' lang='lat' dir='ltr'>pleniorem</span> <span class='ocrx_word' id='word_1_84' title='bbox 1174 673 1358 741; x_wconf 78' lang='lat' dir='ltr'>insuper</span> <span class='ocrx_word' id='word_1_85' title='bbox 1385 676 1611 723; x_wconf 84' lang='lat' dir='ltr'>Aedilium</span> <span class='ocrx_word' id='word_1_86' title='bbox 1637 692 1721 740; x_wconf 87' lang='lat' dir='ltr'>qua</span> <span class='ocrx_word' id='word_1_87' title='bbox 1743 673 2034 738; x_wconf 79' lang='lat' dir='ltr'>plebeiorum</span> 
     </span>
     <span class='ocr_line' id='line_1_9' title="bbox 94 740 2030 812; baseline -0.005 -17"><span class='ocrx_word' id='word_1_88' title='bbox 94 757 182 812; x_wconf 73' lang='lat' dir='ltr'>qua</span> <span class='ocrx_word' id='word_1_89' title='bbox 214 749 449 795; x_wconf 85' lang='lat' dir='ltr'>Curulium</span> <span class='ocrx_word' id='word_1_90' title='bbox 467 744 725 793; x_wconf 84' lang='lat' dir='ltr'>Historiam</span> <span class='ocrx_word' id='word_1_91' title='bbox 758 745 986 810; x_wconf 79' lang='lat' dir='ltr'>promisit,</span> <span class='ocrx_word' id='word_1_92' title='bbox 1028 763 1118 793; x_wconf 85' lang='lat' dir='ltr'>vna</span> <span class='ocrx_word' id='word_1_93' title='bbox 1146 762 1248 792; x_wconf 86' lang='lat' dir='ltr'>cum</span> <span class='ocrx_word' id='word_1_94' title='bbox 1281 743 1497 791; x_wconf 42' lang='lat' dir='ltr'>vberioref</span> <span class='ocrx_word' id='word_1_95' title='bbox 1521 744 1639 790; x_wconf 88' lang='lat' dir='ltr'>tituli</span> <span class='ocrx_word' id='word_1_96' title='bbox 1660 740 1952 804; x_wconf 83' lang='lat' dir='ltr'>Digestorum</span> <span class='ocrx_word' id='word_1_97' title='bbox 1972 740 2030 787; x_wconf 82' lang='lat' dir='ltr'>de</span> 
     </span>
     <span class='ocr_line' id='line_1_10' title="bbox 92 807 2030 878; baseline -0.004 -16"><span class='ocrx_word' id='word_1_98' title='bbox 92 815 242 862; x_wconf 61' lang='lat' dir='ltr'>ediffio</span> <span class='ocrx_word' id='word_1_99' title='bbox 262 815 475 863; x_wconf 76' lang='lat' dir='ltr'>Aedilitio</span> <span class='ocrx_word' id='word_1_100' title='bbox 500 814 825 878; x_wconf 77' lang='lat' dir='ltr'>explanatione.</span> <span class='ocrx_word' id='word_1_101' title='bbox 902 815 1063 862; x_wconf 88' lang='lat' dir='ltr'>Ezech.</span> <span class='ocrx_word' id='word_1_102' title='bbox 1083 813 1378 878; x_wconf 87' lang='lat' dir='ltr'>Spanhemius</span> <span class='ocrx_word' id='word_1_103' title='bbox 1400 812 1455 858; x_wconf 91' lang='lat' dir='ltr'>de</span> <span class='ocrx_word' id='word_1_104' title='bbox 1472 809 1552 857; x_wconf 82' lang='lat' dir='ltr'>v&#39;su</span> <span class='ocrx_word' id='word_1_105' title='bbox 1575 807 1894 857; x_wconf 79' lang='lat' dir='ltr'>numismatum</span> <span class='ocrx_word' id='word_1_106' title='bbox 1909 812 1969 855; x_wconf 90' lang='lat' dir='ltr'>T.</span> <span class='ocrx_word' id='word_1_107' title='bbox 1985 823 2030 854; x_wconf 63' lang='lat' dir='ltr'>2a</span> 
     </span>
     <span class='ocr_line' id='line_1_11' title="bbox 92 875 2030 948; baseline -0.005 -19"><span class='ocrx_word' id='word_1_108' title='bbox 92 900 193 948; x_wconf 79' lang='lat' dir='ltr'>pag.</span> <span class='ocrx_word' id='word_1_109' title='bbox 220 901 301 946; x_wconf 78' lang='lat'>143</span> <span class='ocrx_word' id='word_1_110' title='bbox 322 880 410 946; x_wconf 88' lang='lat' dir='ltr'><strong>sqq.</strong></span> <span class='ocrx_word' id='word_1_111' title='bbox 481 885 549 928; x_wconf 88' lang='lat' dir='ltr'>Io.</span> <span class='ocrx_word' id='word_1_112' title='bbox 573 879 732 928; x_wconf 80' lang='lat' dir='ltr'>Christ.</span> <span class='ocrx_word' id='word_1_113' title='bbox 757 881 902 928; x_wconf 89' lang='lat' dir='ltr'>Gottl.</span> <span class='ocrx_word' id='word_1_114' title='bbox 928 883 1166 928; x_wconf 87' lang='lat' dir='ltr'>Heineccii</span> <span class='ocrx_word' id='word_1_115' title='bbox 1185 880 1352 928; x_wconf 82' lang='lat' dir='ltr'>florum</span> <span class='ocrx_word' id='word_1_116' title='bbox 1371 877 1534 944; x_wconf 69' lang='lat' dir='ltr'>spat-fio</span> <span class='ocrx_word' id='word_1_117' title='bbox 1564 878 1619 925; x_wconf 86' lang='lat' dir='ltr'>ad</span> <span class='ocrx_word' id='word_1_118' title='bbox 1649 876 1846 924; x_wconf 55' lang='lat' dir='ltr'>ediEQum</span> <span class='ocrx_word' id='word_1_119' title='bbox 1876 875 2030 922; x_wconf 77' lang='lat' dir='ltr'>aedili-</span> 
     </span>
     <span class='ocr_line' id='line_1_12' title="bbox 64 942 2030 1009; baseline -0.005 -12"><span class='ocrx_word' id='word_1_120' title='bbox 64 973 68 978; x_wconf 93' lang='lat'>·</span> <span class='ocrx_word' id='word_1_121' title='bbox 92 953 222 998; x_wconf 86' lang='lat' dir='ltr'>tium.</span> <span class='ocrx_word' id='word_1_122' title='bbox 243 951 382 997; x_wconf 82' lang='lat' dir='ltr'>Halae</span> <span class='ocrx_word' id='word_1_123' title='bbox 409 959 546 1009; x_wconf 75' lang='lat'>1738.</span> <span class='ocrx_word' id='word_1_124' title='bbox 568 965 614 1007; x_wconf 89' lang='lat'>4.</span> <span class='ocrx_word' id='word_1_125' title='bbox 685 949 1029 1002; x_wconf 87' lang='lat' dir='ltr'>Incendiorum,</span> <span class='ocrx_word' id='word_1_126' title='bbox 1065 964 1116 995; x_wconf 88' lang='lat' dir='ltr'>vt</span> <span class='ocrx_word' id='word_1_127' title='bbox 1135 964 1178 995; x_wconf 88' lang='lat' dir='ltr'>et</span> <span class='ocrx_word' id='word_1_128' title='bbox 1200 948 1415 994; x_wconf 82' lang='lat' dir='ltr'>ludorum</span> <span class='ocrx_word' id='word_1_129' title='bbox 1436 961 1566 1008; x_wconf 85' lang='lat' dir='ltr'>atque</span> <span class='ocrx_word' id='word_1_130' title='bbox 1585 942 1936 1009; x_wconf 66' lang='lat' dir='ltr'>spestaculorum</span> <span class='ocrx_word' id='word_1_131' title='bbox 1959 959 2030 988; x_wconf 85' lang='lat' dir='ltr'>cu-</span> 
     </span>
     <span class='ocr_line' id='line_1_13' title="bbox 88 1011 2032 1083; baseline -0.005 -18"><span class='ocrx_word' id='word_1_132' title='bbox 88 1035 187 1066; x_wconf 70' lang='lat' dir='ltr'>sam</span> <span class='ocrx_word' id='word_1_133' title='bbox 211 1019 263 1065; x_wconf 84' lang='lat' dir='ltr'>ad</span> <span class='ocrx_word' id='word_1_134' title='bbox 291 1015 451 1076; x_wconf 75' lang='lat' dir='ltr'>aediles</span> <span class='ocrx_word' id='word_1_135' title='bbox 471 1015 678 1082; x_wconf 62' lang='lat' dir='ltr'>speffiasle</span> <span class='ocrx_word' id='word_1_136' title='bbox 702 1016 870 1064; x_wconf 87' lang='lat' dir='ltr'>constat</span> <span class='ocrx_word' id='word_1_137' title='bbox 896 1035 951 1065; x_wconf 87' lang='lat' dir='ltr'>ex</span> <span class='ocrx_word' id='word_1_138' title='bbox 978 1019 1128 1064; x_wconf 85' lang='lat' dir='ltr'>Dione</span> <span class='ocrx_word' id='word_1_139' title='bbox 1147 1033 1247 1083; x_wconf 84' lang='lat' dir='ltr'>pag.</span> <span class='ocrx_word' id='word_1_140' title='bbox 1272 1029 1363 1074; x_wconf 78' lang='lat'>513</span> <span class='ocrx_word' id='word_1_141' title='bbox 1388 1028 1431 1060; x_wconf 92' lang='lat' dir='ltr'>et</span> <span class='ocrx_word' id='word_1_142' title='bbox 1457 1030 1479 1074; x_wconf 83' lang='lat'>5</span> <span class='ocrx_word' id='word_1_143' title='bbox 1497 1030 1566 1076; x_wconf 88' lang='lat'>14.</span> <span class='ocrx_word' id='word_1_144' title='bbox 1644 1011 1822 1058; x_wconf 87' lang='lat' dir='ltr'>Aediles</span> <span class='ocrx_word' id='word_1_145' title='bbox 1853 1011 2032 1056; x_wconf 75' lang='lat' dir='ltr'>cereales</span> 
     </span>
     <span class='ocr_line' id='line_1_14' title="bbox 54 1075 2105 1145; baseline -0.005 -12"><span class='ocrx_word' id='word_1_146' title='bbox 54 1135 58 1138; x_wconf 67' lang='grc'>,</span> <span class='ocrx_word' id='word_1_147' title='bbox 90 1104 120 1133; x_wconf 85' lang='lat' dir='ltr'>a</span> <span class='ocrx_word' id='word_1_148' title='bbox 138 1086 253 1132; x_wconf 88' lang='lat' dir='ltr'>Iulio</span> <span class='ocrx_word' id='word_1_149' title='bbox 278 1083 460 1133; x_wconf 84' lang='lat' dir='ltr'>Caesare</span> <span class='ocrx_word' id='word_1_150' title='bbox 478 1083 899 1140; x_wconf 50' lang='lat' dir='ltr'>instituti&#39;fuerunn</span> <span class='ocrx_word' id='word_1_151' title='bbox 941 1084 1045 1132; x_wconf 89' lang='lat' dir='ltr'>teste</span> <span class='ocrx_word' id='word_1_152' title='bbox 1063 1087 1215 1133; x_wconf 87' lang='lat' dir='ltr'>Dione</span> <span class='ocrx_word' id='word_1_153' title='bbox 1243 1081 1318 1128; x_wconf 89' lang='lat' dir='ltr'>lib.</span> <span class='ocrx_word' id='word_1_154' title='bbox 1350 1098 1426 1139; x_wconf 89' lang='lat'>43.</span> <span class='ocrx_word' id='word_1_155' title='bbox 1451 1097 1550 1145; x_wconf 71' lang='lat' dir='ltr'>pag,</span> <span class='ocrx_word' id='word_1_156' title='bbox 1574 1092 1684 1139; x_wconf 79' lang='lat'><strong>239.</strong></span> <span class='ocrx_word' id='word_1_157' title='bbox 1714 1093 1764 1124; x_wconf 89' lang='lat' dir='ltr'>vt</span> <span class='ocrx_word' id='word_1_158' title='bbox 1795 1075 2031 1124; x_wconf 86' lang='lat' dir='ltr'>frumento</span> <span class='ocrx_word' id='word_1_159' title='bbox 2102 1107 2105 1109; x_wconf 97' lang='lat'>-</span> 
     </span>
     <span class='ocr_line' id='line_1_15' title="bbox 90 1141 2030 1220; baseline -0.004 -21"><span class='ocrx_word' id='word_1_160' title='bbox 90 1151 358 1219; x_wconf 71' lang='lat' dir='ltr'>praeessent,</span> <span class='ocrx_word' id='word_1_161' title='bbox 397 1155 538 1218; x_wconf 83' lang='lat' dir='ltr'>iisque</span> <span class='ocrx_word' id='word_1_162' title='bbox 572 1170 674 1203; x_wconf 82' lang='lat' dir='ltr'>cura</span> <span class='ocrx_word' id='word_1_163' title='bbox 701 1153 962 1220; x_wconf 85' lang='lat' dir='ltr'>ponderum</span> <span class='ocrx_word' id='word_1_164' title='bbox 994 1168 1036 1202; x_wconf 89' lang='lat' dir='ltr'>et</span> <span class='ocrx_word' id='word_1_165' title='bbox 1065 1149 1400 1209; x_wconf 84' lang='lat' dir='ltr'>mensurarum,</span> <span class='ocrx_word' id='word_1_166' title='bbox 1435 1165 1490 1195; x_wconf 86' lang='lat' dir='ltr'>ne</span> <span class='ocrx_word' id='word_1_167' title='bbox 1511 1164 1598 1213; x_wconf 87' lang='lat' dir='ltr'>qua</span> <span class='ocrx_word' id='word_1_168' title='bbox 1618 1145 1740 1195; x_wconf 80' lang='lat' dir='ltr'>fraus</span> <span class='ocrx_word' id='word_1_169' title='bbox 1767 1146 1815 1193; x_wconf 88' lang='lat' dir='ltr'>in</span> <span class='ocrx_word' id='word_1_170' title='bbox 1834 1147 1889 1192; x_wconf 90' lang='lat' dir='ltr'>iis</span> <span class='ocrx_word' id='word_1_171' title='bbox 1910 1141 2030 1201; x_wconf 64' lang='lat' dir='ltr'>ess‘et⁶</span> 
     </span>
     <span class='ocr_line' id='line_1_16' title="bbox 90 1219 444 1269; baseline -0.003 0"><span class='ocrx_word' id='word_1_172' title='bbox 90 1221 353 1269; x_wconf 83' lang='lat' dir='ltr'>demandata</span> <span class='ocrx_word' id='word_1_173' title='bbox 370 1219 444 1268; x_wconf 88' lang='lat' dir='ltr'>est.</span> 
     </span>
    </p>

    <p class='ocr_par' dir='ltr' id='par_1_3' title="bbox 93 1280 2034 1620">
     <span class='ocr_line' id='line_1_17' title="bbox 228 1280 2031 1352; baseline -0.005 -17"><span class='ocrx_word' id='word_1_174' title='bbox 228 1292 299 1335; x_wconf 88' lang='lat' dir='ltr'>De</span> <span class='ocrx_word' id='word_1_175' title='bbox 316 1293 477 1352; x_wconf 81' lang='lat' dir='ltr'>viginti</span> <span class='ocrx_word' id='word_1_176' title='bbox 496 1292 608 1335; x_wconf 68' lang='lat' dir='ltr'>vir-&#39;is</span> <span class='ocrx_word' id='word_1_177' title='bbox 629 1288 791 1352; x_wconf 86' lang='lat' dir='ltr'>quibus</span> <span class='ocrx_word' id='word_1_178' title='bbox 811 1291 1002 1337; x_wconf 87' lang='lat' dir='ltr'>maiores</span> <span class='ocrx_word' id='word_1_179' title='bbox 1027 1290 1076 1337; x_wconf 83' lang='lat' dir='ltr'>in</span> <span class='ocrx_word' id='word_1_180' title='bbox 1097 1291 1259 1334; x_wconf 84' lang='lat' dir='ltr'>Senatu</span> <span class='ocrx_word' id='word_1_181' title='bbox 1285 1286 1487 1333; x_wconf 87' lang='lat' dir='ltr'>honores</span> <span class='ocrx_word' id='word_1_182' title='bbox 1506 1282 1739 1348; x_wconf 87' lang='lat' dir='ltr'>patebant,</span> <span class='ocrx_word' id='word_1_183' title='bbox 1774 1280 2031 1329; x_wconf 78' lang='lat' dir='ltr'>triumuiris</span> 
     </span>
     <span class='ocr_line' id='line_1_18' title="bbox 93 1350 2034 1419; baseline -0.005 -15"><span class='ocrx_word' id='word_1_184' title='bbox 93 1354 380 1419; x_wconf 85' lang='lat' dir='ltr'>capitalibus,</span> <span class='ocrx_word' id='word_1_185' title='bbox 424 1352 676 1401; x_wconf 79' lang='lat' dir='ltr'>triumuiris</span> <span class='ocrx_word' id='word_1_186' title='bbox 711 1355 1031 1411; x_wconf 80' lang='lat' dir='ltr'>monetalibus,</span> <span class='ocrx_word' id='word_1_187' title='bbox 1078 1353 1381 1416; x_wconf 86' lang='lat' dir='ltr'>quatuoruiris</span> <span class='ocrx_word' id='word_1_188' title='bbox 1410 1352 1587 1395; x_wconf 84' lang='lat' dir='ltr'>viarum</span> <span class='ocrx_word' id='word_1_189' title='bbox 1620 1350 1943 1402; x_wconf 84' lang='lat' dir='ltr'>curandarum,</span> <span class='ocrx_word' id='word_1_190' title='bbox 1986 1360 2034 1395; x_wconf 85' lang='lat' dir='ltr'>et</span> 
     </span>
     <span class='ocr_line' id='line_1_19' title="bbox 94 1417 2030 1483; baseline -0.002 -14"><span class='ocrx_word' id='word_1_191' title='bbox 94 1422 364 1469; x_wconf 73' lang='lat' dir='ltr'>decemuiris</span> <span class='ocrx_word' id='word_1_192' title='bbox 383 1436 496 1482; x_wconf 87' lang='lat' dir='ltr'>quos</span> <span class='ocrx_word' id='word_1_193' title='bbox 519 1421 694 1466; x_wconf 88' lang='lat' dir='ltr'>iudiciis</span> <span class='ocrx_word' id='word_1_194' title='bbox 716 1420 1115 1473; x_wconf 80' lang='lat' dir='ltr'>centumuiralibus</span> <span class='ocrx_word' id='word_1_195' title='bbox 1128 1417 1379 1483; x_wconf 69' lang='lat' dir='ltr'>praefestos</span> <span class='ocrx_word' id='word_1_196' title='bbox 1392 1419 1715 1464; x_wconf 84' lang='lat' dir='ltr'>memoratDio</span> <span class='ocrx_word' id='word_1_197' title='bbox 1728 1419 2030 1480; x_wconf 73' lang='lat' dir='ltr'>LIV.p.540.</span> 
     </span>
     <span class='ocr_line' id='line_1_20' title="bbox 94 1482 2030 1554; baseline -0.003 -20"><span class='ocrx_word' id='word_1_198' title='bbox 94 1489 201 1535; x_wconf 86' lang='lat' dir='ltr'>vide</span> <span class='ocrx_word' id='word_1_199' title='bbox 221 1492 288 1536; x_wconf 76' lang='lat' dir='ltr'>Io,</span> <span class='ocrx_word' id='word_1_200' title='bbox 309 1485 564 1533; x_wconf 80' lang='lat' dir='ltr'>Mass&#39;onum</span> <span class='ocrx_word' id='word_1_201' title='bbox 585 1490 632 1534; x_wconf 82' lang='lat' dir='ltr'>in</span> <span class='ocrx_word' id='word_1_202' title='bbox 658 1488 816 1535; x_wconf 88' lang='lat' dir='ltr'>Ouidii</span> <span class='ocrx_word' id='word_1_203' title='bbox 834 1490 926 1536; x_wconf 83' lang='lat' dir='ltr'>vita</span> <span class='ocrx_word' id='word_1_204' title='bbox 945 1505 991 1554; x_wconf 86' lang='lat' dir='ltr'>p.</span> <span class='ocrx_word' id='word_1_205' title='bbox 1013 1496 1073 1550; x_wconf 83' lang='lat'>56</span> <span class='ocrx_word' id='word_1_206' title='bbox 1096 1484 1157 1551; x_wconf 86' lang='lat' dir='ltr'>sq.</span> <span class='ocrx_word' id='word_1_207' title='bbox 1188 1487 1266 1551; x_wconf 88' lang='lat' dir='ltr'>qui</span> <span class='ocrx_word' id='word_1_208' title='bbox 1287 1482 1503 1548; x_wconf 83' lang='lat' dir='ltr'>vigefimo</span> <span class='ocrx_word' id='word_1_209' title='bbox 1524 1487 1614 1533; x_wconf 79' lang='lat' dir='ltr'>iam</span> <span class='ocrx_word' id='word_1_210' title='bbox 1634 1485 1784 1534; x_wconf 85' lang='lat' dir='ltr'>aetatis</span> <span class='ocrx_word' id='word_1_211' title='bbox 1811 1498 1931 1532; x_wconf 74' lang='lat' dir='ltr'>anno</span> <span class='ocrx_word' id='word_1_212' title='bbox 1961 1483 2030 1531; x_wconf 79' lang='grc' dir='ltr'>νὶ-</span> 
     </span>
     <span class='ocr_line' id='line_1_21' title="bbox 93 1553 817 1620; baseline 0 -18"><span class='ocrx_word' id='word_1_213' title='bbox 93 1557 407 1620; x_wconf 76' lang='lat' dir='ltr'>gintiuiratum</span> <span class='ocrx_word' id='word_1_214' title='bbox 429 1554 581 1603; x_wconf 83' lang='lat' dir='ltr'>datum</span> <span class='ocrx_word' id='word_1_215' title='bbox 599 1553 817 1603; x_wconf 81' lang='lat' dir='ltr'>obseruat.</span> 
     </span>
    </p>
   </div>
   <div class='ocr_carea' id='block_1_3' title="bbox 25 1685 2037 2225">
    <p class='ocr_par' dir='ltr' id='par_1_4' title="bbox 25 1685 2037 2225">
     <span class='ocr_line' id='line_1_22' title="bbox 227 1685 2034 1754; baseline -0.002 -17"><span class='ocrx_word' id='word_1_216' title='bbox 227 1692 326 1739; x_wconf 88' lang='lat' dir='ltr'>XII.</span> <span class='ocrx_word' id='word_1_217' title='bbox 364 1693 489 1739; x_wconf 88' lang='lat' dir='ltr'>Inter</span> <span class='ocrx_word' id='word_1_218' title='bbox 505 1691 790 1754; x_wconf 81' lang='lat' dir='ltr'>Magistratus</span> <span class='ocrx_word' id='word_1_219' title='bbox 809 1690 1003 1739; x_wconf 85' lang='lat' dir='ltr'>maiores</span> <span class='ocrx_word' id='word_1_220' title='bbox 1034 1702 1160 1737; x_wconf 86' lang='lat' dir='ltr'>extra</span> <span class='ocrx_word' id='word_1_221' title='bbox 1188 1688 1398 1737; x_wconf 87' lang='lat' dir='ltr'>ordinem</span> <span class='ocrx_word' id='word_1_222' title='bbox 1433 1689 1698 1740; x_wconf 84' lang='lat' dir='ltr'>constitutos</span> <span class='ocrx_word' id='word_1_223' title='bbox 1717 1685 1918 1736; x_wconf 86' lang='lat' dir='ltr'>summus</span> <span class='ocrx_word' id='word_1_224' title='bbox 1939 1695 2034 1734; x_wconf 85' lang='lat' dir='ltr'>erat</span> 
     </span>
     <span class='ocr_line' id='line_1_23' title="bbox 94 1751 2035 1822; baseline -0.003 -16"><span class='ocrx_word' id='word_1_225' title='bbox 94 1755 325 1814; x_wconf 69' lang='grc' dir='ltr'>Βίἕῗατον,</span> <span class='ocrx_word' id='word_1_226' title='bbox 361 1758 416 1805; x_wconf 90' lang='lat' dir='ltr'>de</span> <span class='ocrx_word' id='word_1_227' title='bbox 434 1776 525 1822; x_wconf 93' lang='lat' dir='ltr'>quo</span> <span class='ocrx_word' id='word_1_228' title='bbox 549 1761 804 1807; x_wconf 86' lang='lat' dir='ltr'>Alexander</span> <span class='ocrx_word' id='word_1_229' title='bbox 823 1760 876 1806; x_wconf 89' lang='lat' dir='ltr'>ab</span> <span class='ocrx_word' id='word_1_230' title='bbox 898 1758 1161 1807; x_wconf 85' lang='lat' dir='ltr'>Alexandro</span> <span class='ocrx_word' id='word_1_231' title='bbox 1183 1758 1259 1804; x_wconf 90' lang='lat' dir='ltr'>lib.</span> <span class='ocrx_word' id='word_1_232' title='bbox 1287 1773 1327 1806; x_wconf 88' lang='lat'>1.</span> <span class='ocrx_word' id='word_1_233' title='bbox 1351 1775 1385 1805; x_wconf 92' lang='lat' dir='ltr'>c.</span> <span class='ocrx_word' id='word_1_234' title='bbox 1407 1767 1451 1809; x_wconf 89' lang='lat'>6.</span> <span class='ocrx_word' id='word_1_235' title='bbox 1529 1761 1651 1808; x_wconf 88' lang='lat' dir='ltr'>loan.</span> <span class='ocrx_word' id='word_1_236' title='bbox 1672 1755 1837 1804; x_wconf 82' lang='lat' dir='ltr'>Ienfius</span> <span class='ocrx_word' id='word_1_237' title='bbox 1867 1757 1914 1802; x_wconf 88' lang='lat' dir='ltr'>in</span> <span class='ocrx_word' id='word_1_238' title='bbox 1943 1751 2035 1801; x_wconf 86' lang='lat' dir='ltr'>fer-</span> 
     </span>
     <span class='ocr_line' id='line_1_24' title="bbox 93 1821 2036 1892; baseline -0.001 -21"><span class='ocrx_word' id='word_1_239' title='bbox 93 1825 197 1871; x_wconf 88' lang='lat' dir='ltr'>culo</span> <span class='ocrx_word' id='word_1_240' title='bbox 219 1825 434 1872; x_wconf 86' lang='lat' dir='ltr'>litterario</span> <span class='ocrx_word' id='word_1_241' title='bbox 455 1844 548 1892; x_wconf 86' lang='lat' dir='ltr'>cap.</span> <span class='ocrx_word' id='word_1_242' title='bbox 573 1834 614 1883; x_wconf 88' lang='lat'>8.</span> <span class='ocrx_word' id='word_1_243' title='bbox 633 1844 736 1891; x_wconf 67' lang='lat' dir='ltr'>pag·</span> <span class='ocrx_word' id='word_1_244' title='bbox 762 1845 779 1872; x_wconf 92' lang='lat'>1</span> <span class='ocrx_word' id='word_1_245' title='bbox 794 1843 812 1875; x_wconf 90' lang='lat'>1</span> <span class='ocrx_word' id='word_1_246' title='bbox 826 1846 850 1873; x_wconf 92' lang='lat'>2</span> <span class='ocrx_word' id='word_1_247' title='bbox 874 1824 968 1890; x_wconf 89' lang='lat' dir='ltr'><strong>sqq.</strong></span> <span class='ocrx_word' id='word_1_248' title='bbox 1043 1828 1206 1875; x_wconf 85' lang='lat' dir='ltr'>Ezech.</span> <span class='ocrx_word' id='word_1_249' title='bbox 1220 1827 1517 1890; x_wconf 84' lang='lat' dir='ltr'>Spanhemius</span> <span class='ocrx_word' id='word_1_250' title='bbox 1536 1827 1592 1874; x_wconf 92' lang='lat' dir='ltr'>de</span> <span class='ocrx_word' id='word_1_251' title='bbox 1611 1823 1689 1872; x_wconf 86' lang='lat' dir='ltr'>vsu</span> <span class='ocrx_word' id='word_1_252' title='bbox 1714 1821 2036 1871; x_wconf 83' lang='lat' dir='ltr'>numismatum</span> 
     </span>
     <span class='ocr_line' id='line_1_25' title="bbox 95 1887 2035 1958; baseline 0.001 -21"><span class='ocrx_word' id='word_1_253' title='bbox 95 1895 155 1937; x_wconf 88' lang='lat' dir='ltr'>T.</span> <span class='ocrx_word' id='word_1_254' title='bbox 180 1908 221 1939; x_wconf 91' lang='lat'>2.</span> <span class='ocrx_word' id='word_1_255' title='bbox 239 1909 340 1956; x_wconf 82' lang='lat' dir='ltr'>pag.</span> <span class='ocrx_word' id='word_1_256' title='bbox 365 1908 451 1955; x_wconf 86' lang='lat'>171</span> <span class='ocrx_word' id='word_1_257' title='bbox 476 1891 537 1958; x_wconf 89' lang='lat' dir='ltr'>sq.</span> <span class='ocrx_word' id='word_1_258' title='bbox 608 1897 709 1940; x_wconf 83' lang='lat' dir='ltr'>Viri</span> <span class='ocrx_word' id='word_1_259' title='bbox 728 1893 851 1942; x_wconf 68' lang='lat' dir='ltr'>doai</span> <span class='ocrx_word' id='word_1_260' title='bbox 877 1895 930 1941; x_wconf 85' lang='lat' dir='ltr'>ad</span> <span class='ocrx_word' id='word_1_261' title='bbox 960 1894 1122 1940; x_wconf 84' lang='lat' dir='ltr'>Velleii</span> <span class='ocrx_word' id='word_1_262' title='bbox 1146 1897 1202 1940; x_wconf 88' lang='lat' dir='ltr'>II.</span> <span class='ocrx_word' id='word_1_263' title='bbox 1224 1903 1299 1944; x_wconf 85' lang='lat'>28.</span> <span class='ocrx_word' id='word_1_264' title='bbox 1326 1909 1369 1940; x_wconf 90' lang='lat' dir='ltr'>et</span> <span class='ocrx_word' id='word_1_265' title='bbox 1388 1893 1715 1942; x_wconf 76' lang='lat' dir='ltr'>dissertationes</span> <span class='ocrx_word' id='word_1_266' title='bbox 1737 1896 1802 1943; x_wconf 85' lang='lat'>10.</span> <span class='ocrx_word' id='word_1_267' title='bbox 1824 1887 2035 1938; x_wconf 82' lang='lat' dir='ltr'>Christfr.</span> 
     </span>
     <span class='ocr_line' id='line_1_26' title="bbox 96 1956 2033 2025; baseline -0.002 -19"><span class='ocrx_word' id='word_1_268' title='bbox 96 1960 339 2019; x_wconf 81' lang='lat' dir='ltr'>Sagittarii,</span> <span class='ocrx_word' id='word_1_269' title='bbox 373 1965 506 2009; x_wconf 85' lang='lat' dir='ltr'>lenae</span> <span class='ocrx_word' id='word_1_270' title='bbox 531 1969 673 2025; x_wconf 85' lang='lat'>1648.</span> <span class='ocrx_word' id='word_1_271' title='bbox 695 1979 783 2009; x_wconf 86' lang='lat' dir='ltr'>rec.</span> <span class='ocrx_word' id='word_1_272' title='bbox 806 1964 853 2022; x_wconf 86' lang='lat' dir='ltr'>in</span> <span class='ocrx_word' id='word_1_273' title='bbox 874 1964 967 2008; x_wconf 89' lang='lat' dir='ltr'>eius</span> <span class='ocrx_word' id='word_1_274' title='bbox 990 1963 1099 2008; x_wconf 87' lang='lat' dir='ltr'>Orio</span> <span class='ocrx_word' id='word_1_275' title='bbox 1119 1959 1292 2008; x_wconf 80' lang='lat' dir='ltr'>Ienenfi</span> <span class='ocrx_word' id='word_1_276' title='bbox 1311 1978 1399 2025; x_wconf 82' lang='lat' dir='ltr'>pag</span> <span class='ocrx_word' id='word_1_277' title='bbox 1427 1970 1539 2022; x_wconf 65' lang='lat'><strong>346.</strong></span> <span class='ocrx_word' id='word_1_278' title='bbox 1612 1956 2033 2009; x_wconf 80' lang='lat' dir='ltr'>Godofr.Strauffii.</span> 
     </span>
     <span class='ocr_line' id='line_1_27' title="bbox 95 2024 2036 2094; baseline -0.001 -21"><span class='ocrx_word' id='word_1_279' title='bbox 95 2025 278 2073; x_wconf 75' lang='lat' dir='ltr'>Witteb.</span> <span class='ocrx_word' id='word_1_280' title='bbox 311 2034 449 2090; x_wconf 81' lang='lat'>1667.</span> <span class='ocrx_word' id='word_1_281' title='bbox 513 2027 854 2094; x_wconf 80' lang='lat' dir='ltr'>Ioan-Roeseri.</span> <span class='ocrx_word' id='word_1_282' title='bbox 896 2028 955 2075; x_wconf 88' lang='lat' dir='ltr'>ib.</span> <span class='ocrx_word' id='word_1_283' title='bbox 984 2032 1126 2083; x_wconf 82' lang='lat'>1668.</span> <span class='ocrx_word' id='word_1_284' title='bbox 1198 2028 1261 2077; x_wconf 89' lang='grc' dir='ltr'>Ιο.</span> <span class='ocrx_word' id='word_1_285' title='bbox 1292 2030 1462 2078; x_wconf 83' lang='lat' dir='ltr'>Olearii</span> <span class='ocrx_word' id='word_1_286' title='bbox 1492 2026 1610 2094; x_wconf 83' lang='lat' dir='ltr'>Lips.</span> <span class='ocrx_word' id='word_1_287' title='bbox 1646 2035 1786 2087; x_wconf 84' lang='lat'><strong>1669.</strong></span> <span class='ocrx_word' id='word_1_288' title='bbox 1853 2024 2036 2072; x_wconf 79' lang='lat' dir='ltr'>Christi.</span> 
     </span>
     <span class='ocr_line' id='line_1_28' title="bbox 25 2091 2037 2160; baseline 0 -20"><span class='ocrx_word' id='word_1_289' title='bbox 25 2128 27 2130; x_wconf 86' lang='lat'><em>-</em></span> <span class='ocrx_word' id='word_1_290' title='bbox 96 2091 386 2143; x_wconf 71' lang='lat' dir='ltr'>Hoffmanni.</span> <span class='ocrx_word' id='word_1_291' title='bbox 406 2098 537 2143; x_wconf 84' lang='lat' dir='ltr'>Ienae</span> <span class='ocrx_word' id='word_1_292' title='bbox 560 2103 701 2158; x_wconf 91' lang='lat'><em>1670.</em></span> <span class='ocrx_word' id='word_1_293' title='bbox 740 2140 745 2142; x_wconf 88' lang='lat'><em>.</em></span> <span class='ocrx_word' id='word_1_294' title='bbox 770 2099 867 2146; x_wconf 90' lang='lat' dir='ltr'>Vlr.</span> <span class='ocrx_word' id='word_1_295' title='bbox 888 2096 1121 2143; x_wconf 85' lang='lat' dir='ltr'>Obrechti.</span> <span class='ocrx_word' id='word_1_296' title='bbox 1144 2101 1331 2158; x_wconf 85' lang='lat' dir='ltr'>Argent.</span> <span class='ocrx_word' id='word_1_297' title='bbox 1358 2102 1500 2160; x_wconf 88' lang='lat'><strong>1677.</strong></span> <span class='ocrx_word' id='word_1_298' title='bbox 1528 2113 1615 2144; x_wconf 86' lang='lat' dir='ltr'>rec.</span> <span class='ocrx_word' id='word_1_299' title='bbox 1642 2097 1691 2142; x_wconf 87' lang='lat' dir='ltr'>in</span> <span class='ocrx_word' id='word_1_300' title='bbox 1710 2097 1804 2142; x_wconf 89' lang='lat' dir='ltr'>eius</span> <span class='ocrx_word' id='word_1_301' title='bbox 1825 2091 2037 2141; x_wconf 73' lang='lat' dir='ltr'>dissertat.</span> 
     </span>
     <span class='ocr_line' id='line_1_29' title="bbox 97 2161 2035 2225; baseline -0.001 -17"><span class='ocrx_word' id='word_1_302' title='bbox 97 2161 330 2208; x_wconf 78' lang='lat' dir='ltr'>academie.</span> <span class='ocrx_word' id='word_1_303' title='bbox 360 2178 402 2225; x_wconf 79' lang='lat' dir='ltr'>p,</span> <span class='ocrx_word' id='word_1_304' title='bbox 428 2169 534 2223; x_wconf 81' lang='lat'><strong>388.</strong></span> <span class='ocrx_word' id='word_1_305' title='bbox 603 2167 669 2209; x_wconf 89' lang='lat' dir='ltr'>Io.</span> <span class='ocrx_word' id='word_1_306' title='bbox 690 2166 829 2211; x_wconf 81' lang='lat' dir='ltr'>Paulli</span> <span class='ocrx_word' id='word_1_307' title='bbox 857 2165 1147 2225; x_wconf 84' lang='lat' dir='ltr'>Felwingeri.</span> <span class='ocrx_word' id='word_1_308' title='bbox 1174 2162 1337 2211; x_wconf 83' lang='lat' dir='ltr'>Altorf.</span> <span class='ocrx_word' id='word_1_309' title='bbox 1367 2173 1508 2225; x_wconf 80' lang='lat'>1678,</span> <span class='ocrx_word' id='word_1_310' title='bbox 1577 2168 1701 2212; x_wconf 85' lang='lat' dir='ltr'>Ioan.</span> <span class='ocrx_word' id='word_1_311' title='bbox 1725 2167 1805 2209; x_wconf 82' lang='lat' dir='ltr'>lac.</span> <span class='ocrx_word' id='word_1_312' title='bbox 1831 2161 2035 2209; x_wconf 75' lang='lat' dir='ltr'>Miilleri.</span> 
     </span>
    </p>
   </div>
   <div class='ocr_carea' id='block_1_4' title="bbox 0 2218 2032 2295">
    <p class='ocr_par' dir='ltr' id='par_1_5' title="bbox 0 2218 2032 2295">
     <span class='ocr_line' id='line_1_30' title="bbox 0 2218 2032 2295; baseline -0.001 -20"><span class='ocrx_word' id='word_1_313' title='bbox 0 2218 3 2266; x_wconf 64' lang='lat' dir='ltr'>l</span> <span class='ocrx_word' id='word_1_314' title='bbox 96 2231 229 2275; x_wconf 82' lang='lat' dir='ltr'>lenae</span> <span class='ocrx_word' id='word_1_315' title='bbox 262 2236 398 2283; x_wconf 81' lang='lat'><strong>1682·</strong></span> <span class='ocrx_word' id='word_1_316' title='bbox 468 2227 667 2286; x_wconf 77' lang='lat' dir='ltr'>Caussae&#39;,</span> <span class='ocrx_word' id='word_1_317' title='bbox 712 2232 769 2277; x_wconf 93' lang='lat' dir='ltr'>ob</span> <span class='ocrx_word' id='word_1_318' title='bbox 790 2248 911 2295; x_wconf 80' lang='lat' dir='ltr'>quas</span> <span class='ocrx_word' id='word_1_319' title='bbox 941 2247 1109 2278; x_wconf 79' lang='lat' dir='ltr'>creatus</span> <span class='ocrx_word' id='word_1_320' title='bbox 1137 2231 1198 2278; x_wconf 88' lang='lat' dir='ltr'>est</span> <span class='ocrx_word' id='word_1_321' title='bbox 1232 2230 1448 2284; x_wconf 51' lang='lat' dir='ltr'>dibi-ator}</span> <span class='ocrx_word' id='word_1_322' title='bbox 1492 2245 1762 2278; x_wconf 81' lang='lat' dir='ltr'>annotantur</span> <span class='ocrx_word' id='word_1_323' title='bbox 1793 2247 1816 2277; x_wconf 85' lang='lat' dir='ltr'>a</span> <span class='ocrx_word' id='word_1_324' title='bbox 1846 2229 2032 2275; x_wconf 88' lang='lat' dir='ltr'>Goltzio</span> 
     </span>
    </p>
   </div>
   <div class='ocr_carea' id='block_1_5' title="bbox 98 2292 2045 2362">
    <p class='ocr_par' dir='ltr' id='par_1_6' title="bbox 98 2292 2045 2362">
     <span class='ocr_line' id='line_1_31' title="bbox 98 2292 2045 2362; baseline -0.001 -21"><span class='ocrx_word' id='word_1_325' title='bbox 98 2312 199 2361; x_wconf 82' lang='lat' dir='ltr'>pag.</span> <span class='ocrx_word' id='word_1_326' title='bbox 229 2300 322 2356; x_wconf 80' lang='lat'>164</span> <span class='ocrx_word' id='word_1_327' title='bbox 342 2292 403 2357; x_wconf 85' lang='lat' dir='ltr'>sq.</span> <span class='ocrx_word' id='word_1_328' title='bbox 426 2294 617 2342; x_wconf 78' lang='lat' dir='ltr'>thesauri</span> <span class='ocrx_word' id='word_1_329' title='bbox 638 2300 704 2344; x_wconf 85' lang='lat' dir='ltr'>rei</span> <span class='ocrx_word' id='word_1_330' title='bbox 721 2301 1014 2362; x_wconf 76' lang='lat' dir='ltr'>antiquariae:</span> <span class='ocrx_word' id='word_1_331' title='bbox 1053 2296 1155 2343; x_wconf 60' lang='lat'>030</span> <span class='ocrx_word' id='word_1_332' title='bbox 1180 2298 1346 2343; x_wconf 84' lang='lat' dir='ltr'>Ienfius</span> <span class='ocrx_word' id='word_1_333' title='bbox 1369 2301 1454 2344; x_wconf 88' lang='lat' dir='ltr'>loe.</span> <span class='ocrx_word' id='word_1_334' title='bbox 1480 2299 1552 2345; x_wconf 87' lang='lat' dir='ltr'>cit.</span> <span class='ocrx_word' id='word_1_335' title='bbox 1576 2294 1795 2343; x_wconf 23' lang='lat' dir='ltr'>obseruat*</span> <span class='ocrx_word' id='word_1_336' title='bbox 1810 2297 1855 2354; x_wconf 82' lang='grc' dir='ltr'>ι)</span> <span class='ocrx_word' id='word_1_337' title='bbox 1877 2301 1945 2341; x_wconf 71' lang='lat' dir='ltr'>rei</span> <span class='ocrx_word' id='word_1_338' title='bbox 1958 2311 2045 2360; x_wconf 52' lang='lat' dir='ltr'>go</span> 
     </span>
    </p>
   </div>
   <div class='ocr_carea' id='block_1_6' title="bbox 4 2363 2036 2566">
    <p class='ocr_par' dir='ltr' id='par_1_7' title="bbox 4 2363 2036 2566">
     <span class='ocr_line' id='line_1_32' title="bbox 4 2363 2032 2432; baseline -0 -22"><span class='ocrx_word' id='word_1_339' title='bbox 4 2402 5 2409; x_wconf 68' lang='grc'>,</span> <span class='ocrx_word' id='word_1_340' title='bbox 97 2365 278 2416; x_wconf 78' lang='lat' dir='ltr'>rendae,</span> <span class='ocrx_word' id='word_1_341' title='bbox 313 2363 434 2409; x_wconf 87' lang='lat' dir='ltr'>vnde</span> <span class='ocrx_word' id='word_1_342' title='bbox 455 2381 555 2410; x_wconf 90' lang='lat' dir='ltr'>eum</span> <span class='ocrx_word' id='word_1_343' title='bbox 576 2364 892 2432; x_wconf 57' lang='grc' dir='ltr'>αὐτοκράτορσι</span> <span class='ocrx_word' id='word_1_344' title='bbox 913 2366 1120 2424; x_wconf 74' lang='grc' dir='ltr'>πολέμων</span> <span class='ocrx_word' id='word_1_345' title='bbox 1142 2379 1272 2411; x_wconf 84' lang='lat' dir='ltr'>vocat</span> <span class='ocrx_word' id='word_1_346' title='bbox 1291 2366 1524 2412; x_wconf 84' lang='lat' dir='ltr'>Diodorus</span> <span class='ocrx_word' id='word_1_347' title='bbox 1545 2364 1715 2411; x_wconf 84' lang='lat' dir='ltr'>Siculus</span> <span class='ocrx_word' id='word_1_348' title='bbox 1739 2365 2032 2426; x_wconf 59' lang='lat' dir='ltr'>XIX-9713.</span> 
     </span>
     <span class='ocr_line' id='line_1_33' title="bbox 4 2428 2034 2495; baseline -0.002 -17"><span class='ocrx_word' id='word_1_349' title='bbox 4 2440 7 2454; x_wconf 69' lang='lat'>‘</span> <span class='ocrx_word' id='word_1_350' title='bbox 101 2431 156 2492; x_wconf 61' lang='grc' dir='ltr'>ἔα)</span> <span class='ocrx_word' id='word_1_351' title='bbox 181 2435 449 2477; x_wconf 81' lang='lat' dir='ltr'>comitiorum</span> <span class='ocrx_word' id='word_1_352' title='bbox 479 2430 809 2486; x_wconf 67' lang='lat' dir='ltr'>t&#39;mbmdorum,v</span> <span class='ocrx_word' id='word_1_353' title='bbox 838 2438 885 2495; x_wconf 83' lang='lat'>3)</span> <span class='ocrx_word' id='word_1_354' title='bbox 920 2433 1199 2495; x_wconf 73' lang='lat' dir='ltr'>quaestionum</span> <span class='ocrx_word' id='word_1_355' title='bbox 1226 2432 1582 2487; x_wconf 54' lang='lat' dir='ltr'>exercendarum,</span> <span class='ocrx_word' id='word_1_356' title='bbox 1642 2434 1692 2490; x_wconf 85' lang='lat'>4)</span> <span class='ocrx_word' id='word_1_357' title='bbox 1725 2430 1846 2475; x_wconf 65' lang='lat' dir='ltr'>claui&gt;</span> <span class='ocrx_word' id='word_1_358' title='bbox 1855 2428 2034 2494; x_wconf 75' lang='lat' dir='ltr'>figendi,</span> 
     </span>
     <span class='ocr_line' id='line_1_34' title="bbox 7 2497 2036 2566; baseline -0 -22"><span class='ocrx_word' id='word_1_359' title='bbox 7 2548 10 2554; x_wconf 47' lang='grc'><strong>,</strong></span> <span class='ocrx_word' id='word_1_360' title='bbox 103 2499 155 2561; x_wconf 77' lang='grc' dir='ltr'>ς)</span> <span class='ocrx_word' id='word_1_361' title='bbox 192 2500 415 2562; x_wconf 83' lang='lat' dir='ltr'>seriarum</span> <span class='ocrx_word' id='word_1_362' title='bbox 444 2499 842 2560; x_wconf 64' lang='lat' dir='ltr'>constitucndaermit,</span> <span class='ocrx_word' id='word_1_363' title='bbox 895 2504 952 2560; x_wconf 91' lang='lat'>6)</span> <span class='ocrx_word' id='word_1_364' title='bbox 980 2501 1169 2566; x_wconf 79' lang='lat' dir='ltr'>explendi</span> <span class='ocrx_word' id='word_1_365' title='bbox 1187 2499 1382 2560; x_wconf 61' lang='lat' dir='ltr'>fimatur,</span> <span class='ocrx_word' id='word_1_366' title='bbox 1434 2499 1742 2563; x_wconf 63' lang='lat' dir='ltr'>7)2seriarum</span> <span class='ocrx_word' id='word_1_367' title='bbox 1759 2497 2036 2552; x_wconf 73' lang='lat' dir='ltr'>Latinarum,</span> 
     </span>
    </p>
   </div>
   <div class='ocr_carea' id='block_1_7' title="bbox 101 2564 2035 2699">
    <p class='ocr_par' dir='ltr' id='par_1_8' title="bbox 101 2564 2035 2699">
     <span class='ocr_line' id='line_1_35' title="bbox 106 2564 2033 2630; baseline 0.001 -19"><span class='ocrx_word' id='word_1_368' title='bbox 106 2567 157 2625; x_wconf 87' lang='lat'>8)</span> <span class='ocrx_word' id='word_1_369' title='bbox 176 2566 386 2613; x_wconf 85' lang='lat' dir='ltr'>ludorum.</span> <span class='ocrx_word' id='word_1_370' title='bbox 462 2568 680 2624; x_wconf 83' lang='lat' dir='ltr'>Primam,</span> <span class='ocrx_word' id='word_1_371' title='bbox 716 2564 972 2619; x_wconf 72' lang='lat' dir='ltr'>secundam,</span> <span class='ocrx_word' id='word_1_372' title='bbox 1010 2571 1211 2630; x_wconf 83' lang='lat' dir='ltr'>quartam</span> <span class='ocrx_word' id='word_1_373' title='bbox 1233 2582 1276 2614; x_wconf 90' lang='lat' dir='ltr'>et</span> <span class='ocrx_word' id='word_1_374' title='bbox 1298 2566 1499 2614; x_wconf 65' lang='lat' dir='ltr'>oRauam</span> <span class='ocrx_word' id='word_1_375' title='bbox 1518 2569 1604 2612; x_wconf 80' lang='lat' dir='ltr'>iam</span> <span class='ocrx_word' id='word_1_376' title='bbox 1627 2564 1782 2613; x_wconf 89' lang='lat' dir='ltr'>Nicol.</span> <span class='ocrx_word' id='word_1_377' title='bbox 1800 2564 2033 2612; x_wconf 80' lang='lat' dir='ltr'>Gruchius</span> 
     </span>
     <span class='ocr_line' id='line_1_36' title="bbox 101 2631 2035 2699; baseline 0.002 -23"><span class='ocrx_word' id='word_1_378' title='bbox 101 2631 180 2677; x_wconf 86' lang='lat' dir='ltr'>lib.</span> <span class='ocrx_word' id='word_1_379' title='bbox 206 2652 244 2678; x_wconf 87' lang='lat'>1.</span> <span class='ocrx_word' id='word_1_380' title='bbox 277 2632 332 2679; x_wconf 88' lang='lat' dir='ltr'>de</span> <span class='ocrx_word' id='word_1_381' title='bbox 353 2635 561 2680; x_wconf 86' lang='lat' dir='ltr'>Comitiis</span> <span class='ocrx_word' id='word_1_382' title='bbox 596 2650 687 2698; x_wconf 84' lang='lat' dir='ltr'>cap.</span> <span class='ocrx_word' id='word_1_383' title='bbox 709 2652 746 2681; x_wconf 86' lang='lat'>2.</span> <span class='ocrx_word' id='word_1_384' title='bbox 782 2631 1105 2681; x_wconf 80' lang='lat' dir='ltr'>.0hser-uauerat.</span> <span class='ocrx_word' id='word_1_385' title='bbox 1175 2633 1334 2681; x_wconf 59' lang='lat' dir='ltr'>Difi&#39;tus</span> <span class='ocrx_word' id='word_1_386' title='bbox 1369 2635 1478 2680; x_wconf 86' lang='lat' dir='ltr'>olim</span> <span class='ocrx_word' id='word_1_387' title='bbox 1513 2632 1721 2697; x_wconf 78' lang='lat' dir='ltr'>Magister</span> <span class='ocrx_word' id='word_1_388' title='bbox 1753 2632 1890 2699; x_wconf 80' lang='lat' dir='ltr'>populi</span> <span class='ocrx_word' id='word_1_389' title='bbox 1925 2631 2035 2699; x_wconf 82' lang='lat' dir='ltr'>teste</span> 
     </span>
    </p>
   </div>
   <div class='ocr_carea' id='block_1_8' title="bbox 11 2696 2034 2768">
    <p class='ocr_par' dir='ltr' id='par_1_9' title="bbox 11 2696 2034 2768">
     <span class='ocr_line' id='line_1_37' title="bbox 11 2696 2034 2768; baseline 0.001 -24"><span class='ocrx_word' id='word_1_390' title='bbox 11 2709 14 2768; x_wconf 66' lang='lat'>}</span> <span class='ocrx_word' id='word_1_391' title='bbox 102 2696 232 2756; x_wconf 74' lang='lat' dir='ltr'>Festo</span> <span class='ocrx_word' id='word_1_392' title='bbox 252 2701 301 2746; x_wconf 87' lang='lat' dir='ltr'>in</span> <span class='ocrx_word' id='word_1_393' title='bbox 318 2703 492 2765; x_wconf 87' lang='lat' dir='ltr'>optima</span> <span class='ocrx_word' id='word_1_394' title='bbox 515 2706 635 2755; x_wconf 81' lang='lat' dir='ltr'>Lex,</span> <span class='ocrx_word' id='word_1_395' title='bbox 671 2717 714 2748; x_wconf 89' lang='lat' dir='ltr'>et</span> <span class='ocrx_word' id='word_1_396' title='bbox 736 2705 897 2748; x_wconf 86' lang='lat' dir='ltr'>Seneca</span> <span class='ocrx_word' id='word_1_397' title='bbox 914 2704 1000 2765; x_wconf 86' lang='lat' dir='ltr'>Ep.</span> <span class='ocrx_word' id='word_1_398' title='bbox 1029 2709 1135 2756; x_wconf 84' lang='lat'>108.</span> <span class='ocrx_word' id='word_1_399' title='bbox 1202 2705 1259 2748; x_wconf 86' lang='lat' dir='ltr'>Et</span> <span class='ocrx_word' id='word_1_400' title='bbox 1282 2719 1390 2749; x_wconf 82' lang='lat' dir='ltr'>vere</span> <span class='ocrx_word' id='word_1_401' title='bbox 1409 2699 1621 2762; x_wconf 79' lang='lat' dir='ltr'>Magister</span> <span class='ocrx_word' id='word_1_402' title='bbox 1639 2709 1733 2746; x_wconf 86' lang='lat' dir='ltr'>non&#39;</span> <span class='ocrx_word' id='word_1_403' title='bbox 1752 2699 1916 2764; x_wconf 84' lang='lat' dir='ltr'>populi</span> <span class='ocrx_word' id='word_1_404' title='bbox 1935 2696 2034 2746; x_wconf 81' lang='lat' dir='ltr'>mo&#39;-</span> 
     </span>
    </p>
   </div>
   <div class='ocr_carea' id='block_1_9' title="bbox 103 2762 2040 2891">
    <p class='ocr_par' dir='ltr' id='par_1_10' title="bbox 103 2762 2040 2891">
     <span class='ocr_line' id='line_1_38' title="bbox 103 2762 2040 2886; baseline -0.002 -68"><span class='ocrx_word' id='word_1_405' title='bbox 103 2763 200 2828; x_wconf 61' lang='lat' dir='ltr'>dtu,-</span> <span class='ocrx_word' id='word_1_406' title='bbox 223 2762 298 2818; x_wconf 80' lang='lat' dir='ltr'>sed</span> <span class='ocrx_word' id='word_1_407' title='bbox 316 2769 449 2824; x_wconf 82' lang='lat' dir='ltr'>etiam</span> <span class='ocrx_word' id='word_1_408' title='bbox 469 2773 674 2827; x_wconf 77' lang='lat' dir='ltr'>Senatus,</span> <span class='ocrx_word' id='word_1_409' title='bbox 708 2786 756 2820; x_wconf 80' lang='lat' dir='ltr'>ac</span> <span class='ocrx_word' id='word_1_410' title='bbox 775 2767 865 2820; x_wconf 88' lang='lat' dir='ltr'>fine</span> <span class='ocrx_word' id='word_1_411' title='bbox 884 2770 1212 2836; x_wconf 85' lang='lat' dir='ltr'>prouocatione</span> <span class='ocrx_word' id='word_1_412' title='bbox 1231 2766 1342 2827; x_wconf 82' lang='lat' dir='ltr'>fuit,</span> <span class='ocrx_word' id='word_1_413' title='bbox 1377 2765 1595 2820; x_wconf 70' lang='lat' dir='ltr'>omnibus.</span> <span class='ocrx_word' id='word_1_414' title='bbox 1607 2767 1792 2820; x_wconf 77' lang='lat' dir='ltr'>inter-im</span> <span class='ocrx_word' id='word_1_415' title='bbox 1806 2766 2040 2886; x_wconf 43' lang='lat' dir='ltr'>Magisgra:</span> 
     </span>
     <span class='ocr_line' id='line_1_39' title="bbox 105 2836 2032 2891; baseline 0.011 -27"><span class='ocrx_word' id='word_1_416' title='bbox 105 2859 111 2864; x_wconf 87' lang='lat'>.</span> <span class='ocrx_word' id='word_1_417' title='bbox 157 2856 159 2858; x_wconf 89' lang='lat'><em>.</em></span> <span class='ocrx_word' id='word_1_418' title='bbox 1003 2840 1044 2885; x_wconf 70' lang='lat'>1,</span> <span class='ocrx_word' id='word_1_419' title='bbox 1081 2848 1117 2891; x_wconf 81' lang='lat'>2</span> <span class='ocrx_word' id='word_1_420' title='bbox 1910 2836 1947 2883; x_wconf 85' lang='lat' dir='ltr'>ti</span> <span class='ocrx_word' id='word_1_421' title='bbox 1979 2852 2032 2886; x_wconf 78' lang='lat' dir='ltr'>us</span> 
     </span>
    </p>
   </div>
  </div>
 </body>
</html>
