2263 3027
770 90 962 154 APVD
999 91 1367 155 ROMANOE.
1934 114 1963 166 7
1973 117 1994 166 5
2005 116 2032 168 7

105 242 356 292 martyrum
379 224 656 274 cruciatibus.
686 223 807 291 Lips.
843 232 982 285 1696.
1012 241 1056 282 4.
1125 224 1246 275 Ioan.
1279 230 1446 289 Geo'rg.
1468 222 1721 273 Dorscheus
1750 224 1797 272 in
1815 221 1952 271 satura
1983 223 2037 270 de

11 358 14 361 Ι
100 293 393 360 suppliciis-et
417 296 676 349 tormentis,
713 293 876 356 quibus
899 291 1087 354 gentiles
1112 295 1257 342 etalii
1291 292 1446 341 sanetis
1474 284 1701 358 quondam
1723 294 1810 340 Dei
1836 293 2038 338 homini<-

99 362 183 409 bus
211 378 404 409 mortem
427 363 686 416 intulerunt,
708 357 868 419 inserta
890 356 1086 405 eiusdem
1101 358 1349 425 septenario
1373 361 1739 408 admirandorum
1754 362 1845 406 LC.
1868 376 1911 424 p.
1930 373 2039 420 277.

108 429 348 476 Christiani
371 430 600 476 Kortholti
632 428 687 475 de
707 423 1130 492 persequutionibus
1149 427 1347 476 ecclefiae
1376 430 1631 492 primitiuae
1651 426 1729 474 sub
1755 427 2039 491 imperatori·

106 496 189 543 bus
216 498 406 543 ethnicis
441 495 555 553 liber
581 495 724 542 editus
754 494 925 541 Kilonii
963 497 1100 551 1689.
1133 511 1176 552 4.
1279 493 1494 543 Bonifacii
1522 495 1808 542 Simonethae
1838 510 1952 558 opus
1983 493 2038 540 de

106 563 368 611 christianae
389 561 494 609 fidei
520 578 563 609 et
583 565 896 608 Romanorum
921 560 1189 607 Pontificum
1210 559 1654 626 persequutionibus,
1696 562 1819 625 quod
1837 564 2040 626 primum

104 631 275 678 editum
301 630 361 678 est
387 630 633 676 Mediolani
658 642 796 690 1492.
825 627 987 675 deinde
1009 626 1211 676 recusum
1229 628 1344 684 Basili.
1375 644 1511 689 1509.
1539 626 1618 676 fol.
1686 631 1897 676 Thomae
1918 632 2042 676 Hur÷

103 699 215 744 tardi
239 695 444 760 digreflio
469 697 524 743 de
544 696 767 759 aliquibus
789 695 1107 748 instrumentis,
1128 695 1290 759 quibus
1309 700 1488 759 tyranni
1513 713 1731 760 martyres
1755 695 2038 759 torquebant3

103 764 473 828 quaeexhibetur
507 766 552 810 in
582 761 779 811 eiusdem
810 760 1175 813 Resolutionibus
1208 763 1265 810 de>
1294 780 1405 809 vero
1430 765 1649 810 catholico
1680 765 1891 826 martyris
1922 761 2040 815 fidei,

104 833 267 879 Colon.
292 833 531 896 Agrippin.
572 838 712 888 1655.
744 828 825 881 fol.
862 847 960 895 pag.
992 838 1082 891 136
1106 828 1199 893 sqq.
1271 829 1467 878 Godofr.
1487 831 1680 878 Arnoldi
1703 829 1885 885 historia
1907 830 2042 876 Chri-

103 898 347 946 stianorum
377 898 430 944 ad
461 899 636 945 metalla
666 899 1007 950 damnatorum,
1045 896 1212 944 adiel-sta
1249 895 1443 944 eiusdem
1468 899 1837 944 commentationi
1857 897 1913 944 de
1941 901 2043 943 Fra-

102 981 225 1017 trum
247 982 289 1013 et
309 970 526 1013 Sororum
549 966 849 1030 appellatione
879 967 995 1012 inter
1034 963 1309 1011 Christianos
1344 963 1507 1012 vfitata.
1527 962 1733 1011 Francos.
1761 970 1896 1022 1696.
1924 971 1965 1019 8.
2001 979 2043 1009 et

51 1060 67 1063 -
102 1031 423 1080 dissertationes
448 1035 510 1082 10.
535 1030 759 1080 Meisneri,
783 1032 967 1081 Witteb.
996 1036 1135 1093 1670.
1209 1033 1274 1080 lo.
1297 1032 1439 1080 Andr.
1461 1029 1735 1092 Quenstadii.
1757 1030 1864 1077 ibid.
1901 1033 2043 1090 1676.

102 1116 146 1148 et
171 1101 233 1147 lo.
263 1104 432 1162 Georg.
455 1101 647 1147 Walchii
673 1101 728 1148 de
747 1098 961 1147 bestiariis
983 1101 1102 1146 inter
1134 1102 1408 1163 antiquiores
1434 1098 1722 1145 Christianos.
1747 1098 1878 1146 lenae
1907 1106 2045 1159 1746.

105 1171 256 1215 Sacrae
281 1166 446 1214 Christi
468 1184 719 1232 martyrum
739 1170 970 1230 imaginoe,
989 1184 1076 1213 vna
1098 1184 1200 1214 cum
1223 1165 1552 1220 instrumentis,
1588 1165 1751 1230 quibus
1771 1166 1909 1212 iidem
1933 1165 2043 1211 olim

98 1234 448 1298 torquebantur,
485 1253 507 1282 a
528 1235 823 1283 celeberrimo
843 1233 1018 1299 pistore
1048 1235 1243 1281 Nicolao
1274 1236 1531 1282 Circiniano
1562 1235 1652 1281 aeri
1678 1231 1836 1281 incisae
1865 1233 2045 1298 prodie-

103 1318 210 1348 runt
234 1306 405 1359 Romae
432 1308 577 1363 175'0.
595 1318 640 1364 4.
710 1306 781 1348 De
802 1302 1047 1364 compede,
1079 1301 1270 1347 fidiculis
1292 1317 1334 1348 et
1353 1303 1535 1362 vngulis
1555 1303 1645 1362 agit
1669 1301 1788 1347 idem
1809 1301 2038 1347 Ferrarius

105 1368 182 1423 lib.
211 1385 246 1413 1.
280 1366 459 1413 elestor.
488 1385 521 1413 c.
544 1378 585 1416 6.
611 1367 691 1413 vbi
715 1382 837 1414 notat
860 1366 1081 1420 catastam,
1122 1383 1256 1430 quam
1291 1384 1392 1413 cum
1414 1367 1605 1430 equuleo
1621 1368 1830 1428 Sigonius
1854 1363 2043 1413 confun-

107 1435 201 1492 dit,
236 1435 350 1481 nihil
372 1434 492 1480 aliud
512 1431 640 1481 fuiffe
668 1451 800 1498 quam
821 1450 982 1498 pegma
1006 1431 1156 1481 ferale.
1223 1437 1293 1480 De
1319 1432 1469 1480 catasta
1499 1432 1723 1496 sigillatim
1743 1435 1959 1481 Batonius
1989 1432 2046 1479 ad

103 1502 491 1564 Martyrologium
530 1509 590 1557 28
616 1501 743 1558 Iulii,
788 1501 868 1548 vbi
895 1499 1062 1548 differit
1092 1501 1147 1548 de
1169 1498 1501 1565 CyphonismO.
1572 1503 1676 1548 Fuit
1705 1516 1853 1548 autem
1874 1502 2046 1562 κύφων,

105 1566 289 1622 catasta,
334 1570 405 1615 cui
439 1568 557 1615 collo
593 1566 745 1615 inserti
781 1571 849 1615 rei
882 1568 1030 1629 flagris
1051 1568 1370 1627 caedebantur,
1408 1568 1515 1615 vide
1535 1569 1695 1617 Ezech.
1721 1569 2045 1633 Spanhemium

105 1636 160 1682 ad
183 1634 495 1700 Aristophanis
516 1635 692 1682 Plutum
715 1653 758 1682 v.
780 1652 892 1698 470.
910 1631 1155 1693 ποδοκάκη,
1189 1653 1370 1688 neruus,
1402 1636 1669 1683 Gaulminus
1692 1637 1744 1682 ad
1769 1633 2046 1682 Eustathium

104 1719 204 1766 pag.
223 1711 301 1764 4‘5.
373 1703 502 1749 Adde
532 1707 565 1748 l.
589 1710 658 1750 W.
684 1703 909 1764 Gollingii
931 1700 1136 1749 differtat.
1159 1703 1216 1749 de
1238 1701 1402 1749 Catasta
1423 1701 1669 1750 seruorum.
1693 1700 1874 1751 Altorfii
1906 1717 2044 1764 1730.

103 1770 236 1815 Varia
263 1786 426 1831 genera
446 1767 780 1816 tormentorum
805 1786 1036 1816 enumerat
1055 1769 1261 1833 Synefius
1284 1769 1418 1834 Epist.
1446 1780 1518 1832 58.
1549 1787 1592 1834 p.
1616 1783 1728 1820 201.
1800 1771 2050 1815 Nazianze-

103 1854 187 1885 nus
217 1855 254 1884 1.
275 1838 320 1882 in
349 1837 501 1882 lulian.
526 1854 569 1900 p.
600 1845 678 1894 89.
698 1853 777 1885 ete.
846 1840 915 1882 De
947 1854 1129 1897 nexuet
1151 1835 1429 1893 addiffione,
1466 1837 1847 1902 oppignoratione
1876 1852 1918 1883 et
1941 1853 2047 1882 ven-

105 1905 278 1951 ditione
307 1902 563 1951 debitorum
597 1905 676 1967 qui
709 1902 925 1951 soluendo
960 1920 1053 1950 non
1085 1902 1248 1960 essent,
1297 1905 1438 1951 multa
1463 1903 1692 1951 Salmasius
1725 1903 1801 1951 lib.
1824 1904 1878 1950 de
1907 1903 2046 1950 modo

26 2017 35 2022 ,
105 1968 338 2037 vsurarum
370 1988 461 2035 cap.
499 1986 575 2032 17.
612 1981 683 2023 18.
724 1988 794 2031 19.
838 1973 915 2034 qui
940 1973 1079 2030 etiam
1115 1971 1170 2019 de
1203 1974 1374 2030 neruo,
1418 1971 1738 2037 compedibus,
1784 1971 2047 2026 columbari,

107 2034 267 2100 culpo,
307 2039 466 2101 cippo,
501 2039 697 2086 numella
725 2055 806 2086 etc.
844 2055 942 2103 pag.
968 2047 1062 2095 8¹2
1081 2037 1143 2103 sq.
1214 2039 1340 2088 Idem
1362 2039 1493 2087 docet
1513 2036 1820 2086 diffestionem
1839 2041 2046 2104 corporis

103 2104 326 2151 debitoris
351 2104 453 2151 licet
474 2104 729 2168 permissam
753 2107 873 2167 lege,
909 2122 1058 2153 tamen
1086 2105 1167 2153 vsu
1195 2123 1419 2171 receptam
1453 2124 1680 2171 nunquam
1712 2104 1840 2153 fuisse
1870 2123 1912 2170 p.
1938 2114 2047 2161 809.

28 2207 32 2211 ψ
79 2198 82 2199 ’
113 2180 224 2227 820.
247 2180 354 2225 826.
422 2174 537 2216 Cum
558 2172 761 2219 Salmafio
785 2171 1084 2220 conferendus
1098 2173 1242 2221 Defid.
1264 2175 1488 2222 Heraldus
1509 2171 1796 2220 animaduers.
1821 2176 1864 2219 in
1886 2173 2047 2219 Salma-

109 2237 218 2296 fiurn
234 2242 309 2285 IV.
322 2246 463 2302 p.285
481 2235 573 2301 sqq.
611 2237 986 2304 lustusRycquius
999 2241 1115 2287 libro
1133 2241 1186 2287 de
1199 2258 1317 2287 anno
1334 2241 1524 2287 iubilaeo
1542 2257 1632 2304 cap.
1655 2258 1691 2300 5.
1712 2240 1789 2286 vbi
1803 2238 2047 2293 Persarum,

93 2309 385 2354 ·Graecorum
402 2309 801 2369 Romanorumque
813 2305 1089 2354 seueritatem
1111 2305 1318 2353 aduersus
1338 2307 1567 2353 obaeratos
1588 2305 1765 2353 confert
1778 2323 1875 2355 cum
1895 2307 2046 2367 legum

108 2370 405 2421 Mosaicarum
422 2374 706 2420 humanitate.
725 2375 917 2423 lofrid.
933 2376 1099 2436 lugleri
1113 2373 1246 2420 dubia
1259 2375 1313 2420 de
1333 2371 1529 2421 sectione
1552 2373 1807 2420 debitorum
1829 2373 1945 2437 apud
1960 2376 2046 2419 Ro·

112 2455 279 2486 manos.
292 2437 410 2504 Lips.
425 2457 438 2485 1
451 2455 565 2501 74¹.
603 2440 798 2487 10.Frid.
812 2443 1015 2488 Schereri
1029 2440 1190 2488 differt.
1204 2441 1257 2488 de
1272 2443 1532 2505 Διχστομία
1545 2456 1761 2488 veterum.
1777 2446 1882 2502 Arg.
1906 2455 2045 2500 1757.

113 2508 189 2568 qui
214 2508 395 2570 quidem
416 2507 606 2553 verbum
618 2507 765 2567 secare
787 2511 973 2571 proprie
993 2509 1299 2573 accipiendum
1327 2507 1410 2555 effe
1427 2498 1604 2572 Vrgent.
1648 2508 1731 2554 Sed
1752 2507 1804 2554 ab
1825 2505 1943 2555 hisce
1963 2505 2045 2555 dis-

115 2570 308 2621 sentiunt
339 2575 420 2623 lul.
444 2575 590 2621 Carol.
620 2575 907 2635 Schlaegerus
930 2577 976 2621 in
997 2575 1158 2623 diss'ert.
1183 2576 1238 2622 de
1259 2576 1461 2622 debitore
1492 2575 1697 2622 c-baerato
1719 2572 1958 2622 secundum
1980 2577 2048 2623 ius

115 2639 356 2688 hebraeum
377 2656 420 2689 et
440 2643 621 2688 atticum
655 2642 864 2690 creditori
896 2643 944 2688 in
975 2640 1233 2690 seruitutem
1268 2643 1577 2691 adiudicando.
1612 2642 1880 2690 Helmstadii
1909 2658 1997 2703 174
2010 2659 2046 2691 t.

97 2721 158 2755 ,et
181 2707 366 2819 loalnnes
386 2709 699 2774 Tayloriusin
723 2711 1048 2759 commentario
1078 2711 1140 2760 ad'
1155 2711 1301 2772 legem
1328 2710 1670 2759 decemuiralem
1693 2709 1749 2758 de
1767 2712 1904 2776 inope
1925 2710 2047 2756 debi-

176 2775 248 2821 Vo
269 2787 334 2826 .2.
906 2783 908 2787 ’
1153 2779 1195 2824 R
1943 2792 2043 2829 tore
