2263 3027
198 111 290 166 206
509 101 760 159 CARV.
831 99 1252 158 GRAECIAE
1307 100 1834 158 DESCRlPTto.

206 236 379 296 tiquae‚
425 247 468 279 et
499 230 673 279 Vbbonis
694 234 849 278 Emmii
867 245 994 276 vetus
1019 224 1220 283 Graecia,
1264 226 1443 277 seorsim
1475 230 1576 296 plus
1606 231 1707 277 viee
1728 227 1924 294 simplici
1952 229 2139 285 excusa,

211 317 255 349 et
275 302 322 346 in
345 318 392 348 re
412 299 839 365 publica-ciuitatum
862 296 1148 345 describenda
1168 299 1320 362 potius
1345 315 1567 363 occupata.
1642 301 1693 344 In
1725 299 1925 345 eiusdem
1947 295 2142 345 thesauri

213 373 370 416 Tomo
403 369 645 417 vndecitno
675 368 871 413 occurris
903 367 1123 412 eximium
1156 380 1198 413 et
1223 383 1454 430 nunquam
1489 382 1590 413 ante
1626 367 1801 413 editum
1831 381 1946 430 opus
1972 366 2144 427 Erasini

216 440 443 500 Vina'ingii,
488 436 613 499 quod
635 432 891 482 inscribitur
914 434 1070 486 Hellen,
1112 430 1139 479 s.
1161 433 1217 480 de
1240 432 1516 495 singulorum
1541 438 1752 482 Graeciae
1771 434 2054 499 populorum
2075 435 2142 480 in-

213 504 466 555 cunabulis,
502 501 849 566 migrationibus
872 517 914 548 et
943 501 1223 551 coloniarum
1257 499 1540 548 deduf’cione.
1641 506 1695 549 In
1722 503 1884 554 eodem
1905 500 2033 548 tomo
2060 502 2142 547 ha-

212 573 380 621 bentur
412 588 592 634 quoque
612 570 869 617 Dicaearchi
891 568 1206 633 Geographica
1234 570 1448 632 quaedam
1479 586 1582 616 cum
1603 573 1794 617 Henrici
1817 570 2033 634 Stephani
2058 569 2146 614 dia-

215 642 338 702 logo,
374 656 452 702 qui
484 637 740 686 inscribitur
758 638 1018 684 Dicaearchi
1036 634 1347 702 συμπράκτωρ
1379 651 1422 684 et
1452 637 1517 683 de.
1536 641 1818 689 Graecorum
1851 636 2057 684 moribus
2086 651 2143 683 ex

215 711 318 756 edit.
346 704 471 754 Paris.
506 718 642 767 1589.
680 713 724 762 8.
793 704 919 753 Idem
950 701 1176 752 thesaurus
1201 708 1356 751 Tomo
1390 713 1432 754 6.
1482 705 1665 752 exhibet
1695 722 1993 752 marmoream
2023 701 2144 749 basin

221 773 386 823 Colossi
408 774 599 821 Tiberio
624 771 776 830 ereffi,
798 773 857 821 ob
879 774 1076 820 ciuitates
1099 770 1234 825 Asiae,
1258 772 1358 836 post
1375 788 1517 819 terrae
1535 788 1755 825 tremores
1775 771 2007 828 restitutas,
2041 786 2148 819 cum

220 858 465 892 comment.
490 846 619 889 Laur.
657 843 807 889 Theod.
830 845 1034 905 Gronogtii
1053 837 1287 904 separatim
1309 856 1436 887 antea
1462 840 1584 887 edito
1609 841 1754 903 Lugd.
1776 845 1866 888 Bat.
1908 847 2046 900 1697,
2065 836 2152 886 fol.

217 915 265 959 T
268 928 375 958 omo
403 928 440 970 ς.
537 913 665 957 Petri
692 912 817 972 Gyllii
844 910 898 955 de
931 906 1166 973 Bosphoro
1188 909 1412 955 Thracieo
1443 908 1549 954 libri
1576 923 1667 955 tres
1690 925 1780 955 vna
1812 925 1917 954 curn
1944 907 2149 953 eiusdem

219 978 523 1045 topographia
554 975 1046 1041 Constantinopolitana
1074 994 1174 1023 curn
1204 975 1470 1040 quibusdam
1501 975 1728 1022 veteribus
1757 972 2149 1041 inscriptionibus:

219 1047 384 1112 quibus
407 1045 576 1091 duabus
603 1042 778 1108 scriptis
805 1061 890 1109 pro
912 1045 985 1090 illa
1011 1060 1129 1091 certe
1157 1059 1295 1090 aetate
1327 1046 1505 1091 eximiis
1523 1058 1566 1090 et
1588 1041 1760 1110 saepius
1789 1041 1950 1091 recufis
1971 1044 2150 1108 praeter

221 1130 394 1162 eeteros
426 1112 541 1165 addi,
586 1114 734 1159 immo
765 1113 917 1159 multis
946 1111 1205 1166 nominibus
1232 1109 1452 1176 praeferri
1482 1129 1680 1158 meretur
1708 1112 1883 1158 Carolus
1913 1113 1972 1157 du
2001 1110 2150 1172 Fufiis
2221 1137 2225 1139 -

222 1185 272 1230 in
308 1179 710 1244 Constantinopoli>
741 1179 1009 1233 Christiana,
1043 1177 1198 1229 Paris
1246 1188 1377 1235 1680v
1431 1178 1499 1227 fol
1549 1196 1635 1226 rec.
1677 1183 1841 1227 Venet.
1880 1193 2021 1242 1729.
2069 1175 2155 1224 fol.

222 1250 564 1313 Geographiam
604 1248 742 1294 medii
772 1250 868 1295 aeui
896 1251 942 1294 in
981 1249 1133 1309 regnis
1157 1249 1364 1311 ⁴imperio
1405 1246 1647 1312 Cpolitano
1688 1243 1897 1293 subieRis
1928 1247 2154 1310 praeclara

223 1319 323 1367 luce
346 1313 546 1382 perfudit
578 1312 813 1362 Anselmus
844 1317 1097 1363 Bandurius
1112 1317 1159 1360 in
1177 1313 1255 1362 suo
1279 1317 1474 1378 imperio
1493 1314 1712 1362 orientali.
1747 1310 1877 1361 Paris.
1914 1328 1996 1375 ¹7¹
2016 1331 2049 1362 ι.
2071 1310 2152 1359 fol.

223 1404 249 1436 2
265 1385 384 1432 Voll.
400 1400 442 1433 et
454 1385 656 1431 Veneriis
678 1398 761 1442 ¹72
769 1399 813 1440 9.
834 1381 914 1432 fol.
983 1386 1140 1429 Tomo
1150 1396 1194 1442 4.
1232 1379 1423 1427 thesauri
1445 1383 1710 1443 antiquitatt.
1724 1384 1999 1430 Graecarum
2018 1379 2155 1426 exstat

224 1457 336 1502 Ioan.
354 1450 536 1513 Meursti
560 1450 615 1497 de
638 1451 823 1514 populis
849 1448 902 1496 et'
921 1451 1047 1513 pagis
1077 1450 1246 1494 Atticae
1268 1447 1397 1501 liber,
1435 1465 1538 1494 cum
1569 1445 1884 1512 supplemento
1916 1465 1970 1500 ex
2000 1448 2156 1494 chiro-

224 1520 399 1584 grapho
432 1515 649 1567 austoris‚
695 1532 738 1565 et
769 1513 1229 1563 animaduersionibus
1261 1518 1338 1561 Iac.
1363 1518 1508 1580 Sponii
1538 1515 1789 1578 depromtis
1820 1532 1875 1562 ex
1909 1518 2004 1562 eius
2026 1519 2155 1562 itine-

225 1591 358 1637 rario.
462 1584 638 1636 Ibidem
669 1584 805 1632 habes
827 1586 1006 1645 Nlemfii
1028 1584 1226 1630 Athenas
1255 1586 1435 1636 Atticas,
1462 1585 1729 1646 Cecropiam
1749 1581 1778 1632 s.
1796 1584 1852 1630 de
1875 1585 2159 1635 Athenarum

226 1672 326 1703 arce
354 1652 551 1714 librum,
601 1666 644 1700 et
667 1654 949 1698 Ceramicurn
974 1652 1225 1712 geminum,
1269 1645 1642 1712 Miscellaneaque
1679 1652 1754 1709 (in
1784 1650 1945 1713 quibus
1973 1643 2157 1716 et'ipfis

229 1720 544 1783 Geographica
573 1717 788 1779 quaedam
817 1718 1026 1779 attingit)
1073 1719 1312 1771 Laconica,
1359 1734 1460 1763 curn
1491 1715 1684 1764 aueioris
1712 1715 2063 1782 supplementis,
2106 1719 2159 1766 in

226 1785 507 1855 praefatione
531 1785 583 1830 ad
603 1783 775 1832 di‘Ctum
793 1799 970 1831 tomum
997 1787 1284 1831 aGronouio
1306 1784 1461 1838 editis,
1516 1787 1596 1849 qui
1624 1787 1670 1830 in
1691 1789 1848 1831 Tomo
1873 1800 1895 1844 ς
1955 1786 2160 1832 eiusdem

229 1858 381 1922 operis
415 1851 715 1900 recudendum
746 1852 914 1899 ibidem
944 1852 1067 1899 dedit
1095 1851 1281 1899 Meursii
1303 1851 1470 1899 librum
1494 1852 1550 1899 de
1576 1855 1772 1910 PiraeeO,
1812 1851 2159 1900 Atheniensium

228 1938 383 1991 portu.
488 1918 829 1968 Atheniensium
863 1919 989 1966 vrbis
1023 1916 1202 1985 copiosa
1229 1917 1497 1986 descriptio,
1555 1918 1713 1983 figuris
1745 1919 2161 1983 aeneis-illustrata,

189 1996 191 1998 ’
232 1993 399 2054 legitur
450 1989 498 2034 in
532 1987 737 2036 Daltonii
779 1986 932 2036 museo
972 2004 1145 2050 graecO.
1257 1990 1386 2036 Petri
1438 1988 1718 2034 Hendreichii
1762 1985 1950 2034 Maffilia
1970 2021 1982 2042 ,
2061 1990 2158 2036 eius

230 2057 348 2111 situs,
385 2053 706 2102 administratio
738 2055 928 2120 reipubl.
951 2055 1082 2117 legeS,
1125 2052 1336 2113 instituta,
1372 2054 1558 2116 religio‚·
1585 2053 1740 2111 studia,
1774 2055 1935 2114 militia
1964 2072 2020 2102 ex
2050 2057 2159 2105 edit.

230 2121 594 2187 Argentoratensi
629 2128 681 2169 A.
710 2130 848 2179 1658.
889 2124 1084 2169 occurrit
1106 2125 1165 2169 T.
1196 2131 1239 2171 6.
1274 2119 1468 2169 thesauri
1491 2125 1792 2175 Gronouiani,
1826 2124 1874 2169 in
1902 2140 1994 2187 quo
2024 2115 2161 2172 etiem.

233 2193 424 2242 habetur
441 2190 687 2238 Burchardi
705 2190 931 2251 Nidersteti
949 2189 1107 2236 Melita
1128 2204 1257 2235 vetus
1279 2204 1324 2236 et
1344 2206 1484 2243 noua,
1521 2189 1844 2255 Hephaestiaea
1863 2188 2029 2251 insula}
2063 2195 2161 2240 Me·

232 2263 310 2311 lita
335 2257 631 2311 subterranea,
670 2274 723 2304 ex
752 2258 854 2304 edit.
876 2256 1065 2303 Helmst.
1097 2264 1233 2307 1660.
1273 2254 1356 2306 fol.
1460 2260 1641 2321 Meursti
1661 2261 1803 2312 Creta,
1837 2259 2039 2313 Rhodus,
2067 2261 2162 2323 Cy-

234 2345 344 2396 prus
367 2326 538 2393 prodiit
558 2323 696 2393 Amst.
723 2332 859 2385 1675.
879 2341 925 2387 4.
1007 2324 1186 2372 Thomae
1201 2327 1390 2372 Broderi
1402 2326 1672 2380 Bircherodii
1690 2329 1809 2373 Dani
1828 2326 1996 2373 librum
2019 2327 2159 2375 inedi-

231 2413 329 2445 tum
359 2394 415 2442 de
444 2390 585 2441 insula
614 2393 902 2457 Archipelagi
931 2392 1029 2439 Chio
1060 2408 1314 2439 memorant
1342 2409 1460 2439 noua
1491 2393 1702 2442 litteraria
1728 2395 1863 2441 maris
1892 2394 2081 2441 Balthici
2103 2399 2158 2443 A.

243 2471 381 2522 1698.
416 2479 459 2527 p.
502 2477 603 2521 193.
710 2463 957 2523 Corcyram
993 2456 1178 2506 insulam
1210 2457 1435 2525 descripsit
1466 2460 1798 2509 Celeberrimus
1823 2460 2039 2510 Ecclesiae
2069 2465 2157 2509 Ro-

237 2546 391 2575 manae
428 2533 703 2592 Purpuratus
748 2529 923 2595 Angelus
960 2530 1114 2576 Maria
1150 2530 1333 2592 Qirini
1368 2530 1416 2575 in
1453 2531 1720 2595 primordiis
1770 2533 2008 2596 Corcyrae.
2065 2530 2157 2578 Bri-

237 2597 335 2645 xiae
378 2602 514 2658 1738.
547 2611 595 2658 4.
1828 2603 1845 2616 ’

1924 2797 2049 2871 XVI.
2092 2801 2162 2853 De
