2263 3027
212 127 315 191 716
448 121 585 175 CAP
623 120 766 181 X‘IV.
834 117 927 170 DE
983 115 1409 172 DIADEMATE
1445 114 1545 169 ET
1582 115 1907 173 CORONIS.

214 246 456 297 illustrium
486 244 579 293 diff.
601 248 688 292 VII
710 259 753 293 et
772 246 899 292 VIII.
927 243 1009 291 vbi
1030 244 1164 291 etiam
1191 243 1246 299 de
1268 242 1428 291 ritibus
1455 244 1598 291 cultus
1620 245 1886 311 Principum
1905 258 2153 301 ac‘venera-

215 318 374 364 tionis:
410 318 531 364 Ioan.
553 317 700 363 Henr.
720 312 955 361 Boeclerus
976 329 1074 378 pag.
1101 319 1194 373 187
1215 309 1276 376 sq.
1303 328 1413 364 tom.
1448 329 1481 358 1.
1505 309 1712 360 dissertat.
1782 316 1905 363 Ioan.
1930 318 2156 378 Georgius

215 381 436 433 Roeserus
455 379 548 430 diff.
563 382 621 430 de
642 379 825 447 sceptris
840 382 1113 446 Principum,
1133 378 1341 428 Francof.
1353 381 1407 427 ad
1420 380 1639 427 Viadrum
1658 396 1674 429 1
1687 390 1796 442 690.
1867 386 1973 430 Ern.
1986 384 2157 432 Frider.

219 451 353 500 Cobii
374 448 614 499 dissertatio
639 450 695 498 de
716 447 997 515 sceptrorum
1022 449 1210 510 origine.
1229 448 1413 497 Witteb.
1432 461 1571 510 1722.
1640 450 1812 499 Frider.
1841 450 2156 499 Henr.Iacobs
2247 493 2250 496 .

217 520 275 568 de
293 517 482 586 sceptro.
506 521 634 567 Ienae
659 533 798 582 1704.
869 514 1046 565 Christi.
1069 514 1265 566 Godofr.
1291 514 1565 566 Hoffmanni
1594 517 1650 565 de
1671 519 1850 580 origine
1871 535 1914 567 et
1946 521 2044 566 iure
2071 517 2159 567 sce.-

215 590 443 654 ptrOrum.
477 591 514 634 F
517 585 596 634 rfti
624 587 679 634 ad
708 585 863 635 Viadr.
907 597 1046 648 1724.
1115 587 1241 632 Ioan.
1272 581 1395 649 Casp.
1427 586 1595 632 Struuii
1626 585 1681 632 de
1712 583 1886 652 sceptro
1919 587 2154 649 regiminis

217 657 532 705 eminentioris
563 652 792 718 symbolo,
826 652 1094 701 Helmstadii
1133 660 1273 712 1728.
1344 654 1538 699 Hem-ici
1558 653 1800 702 Theodori
1823 654 2160 718 Pagenstecberi

216 721 573 772 differtationum
602 724 728 777 trias,
767 722 1042 784 Lemgouiae
1067 736 1208 783 1739.
1231 739 1277 779 4.
1309 720 1445 776 edita,
1485 738 1673 786 quarum
1710 725 1858 786 prima
1890 725 1979 785 agit
1999 723 2054 769 de
2073 720 2161 770 sce-

214 792 322 858 ptro
346 790 579 839 maiestatis
606 790 780 854 insigni.
857 791 1037 837 Ioannis
1059 787 1376 854 Christophori
1395 789 1704 838 Strodtmanni
1726 789 1888 839 dissert.
1909 789 2158 855 epistolaris

215 861 271 908 de
302 857 485 926 sceptris
515 874 737 907 veterum.
760 856 1099 921 Guelpherbyti
1125 871 1266 919 1744.
1343 860 1412 903 De
1442 854 1584 906 hastae
1617 855 1697 906 vsu
1727 876 1813 924 pro
1845 857 2021 924 sceptro
2051 858 2159 905 vide
2188 904 2194 909 Α
2239 866 2241 870 ’

214 926 478 976 Tristanum
501 928 533 978 Ι.
553 944 599 992 p.
623 940 735 985 254.
757 943 860 976 cum
878 922 1077 990 sceptr0‚
1115 925 1415 975 Heiueccium
1440 923 1517 970 lib.
1536 925 1650 971 laud.
1670 943 1714 991 p.
1744 944 1760 973 1
1778 935 1835 978 16
1858 924 1918 991 sq.
1944 942 1987 973 et
2017 921 2160 976 (Ἀπο-

213 998 354 1044 nicon
374 991 665 1044 Gotwicense
687 997 744 1040 T.
768 1013 805 1042 1.
828 1011 928 1058 pag.
958 1000 1046 1050 108
1070 989 1162 1055 sqq.
1231 995 1301 1040 De
1324 989 1508 1056 sceptris
1533 995 1709 1055 Regum
1735 998 2034 1050 Francorum,
2072 996 2159 1040 iter

210 1061 389 1112 secund.
411 1064 676 1127 litterarium
698 1061 895 1108 duorum
919 1060 1249 1108 monachorum
1261 1057 1658 1111 Benedifflnorum
1684 1077 1781 1124 pag.
1798 1069 1857 1123 36
1879 1077 1921 1110 et
1942 1076 2018 1126 37.
2088 1064 2159 1108 De

209 1129 396 1196 sceptris
415 1129 724 1181 Refl'toralibus
742 1129 1003 1175 academicis
1026 1125 1173 1177 Carol.
1192 1126 1392 1174 Arndius
1412 1129 1473 1175 T.
1499 1129 1572 1174 IX.
1596 1124 1717 1176 misc.
1739 1127 1972 1194 Lips.pag.
1991 1144 2049 1189 59
2064 1125 2159 1192 sqq.

210 1202 283 1246 De
304 1199 410 1262 sblio
444 1196 532 1245 siue
561 1198 733 1251 throno,
768 1195 935 1246 Pineda,
963 1196 1044 1243 111.
1074 1210 1113 1253 ς.
1151 1193 1209 1246 de
1245 1192 1378 1245 rebus
1405 1194 1691 1251 Salomonis,
1745 1198 1961 1251 Scacchus
1997 1201 2162 1259 Myro-

210 1268 327 1315 thec.
351 1269 430 1313 III.
452 1275 517 1328 64
539 1261 600 1332 sq.
618 1282 716 1331 pag.
735 1279 754 1311 1
769 1272 859 1324 138
888 1260 948 1327 sq.
971 1278 1015 1316 et
1043 1262 1310 1313 Valentinus
1333 1262 1682 1315 Chimentellius
1706 1263 1960 1319 dehonore
1980 1261 2159 1315 biss'ellii
2244 1241 2255 1248 .

211 1352 248 1381 c.
269 1349 286 1382 1
302 1349 321 1394 3
347 1347 390 1380 et
419 1349 490 1394 19.
511 1336 573 1385 T,
599 1331 643 1395 7⁴.
666 1329 861 1384 thesauri
881 1332 1136 1380 Graeuiani.
1206 1334 1275 1380 De
1299 1331 1551 1382 Diademate
1569 1334 1730 1397 Regum
1753 1331 2051 1379 Hebr'acorum
2070 1333 2159 1394 agit

210 1402 427 1467 Scacchus
446 1403 492 1452 in
507 1402 802 1468 Myrothecio
815 1402 949 1447 tertio
971 1416 1008 1449 c.
1028 1406 1084 1460 38
1102 1395 1163 1462 sq.
1225 1401 1543 1465 Imperatorum
1555 1401 1842 1447 Romanorum
1852 1401 2159 1463 Ezech.Span·

209 1470 391 1519 hemius
412 1469 466 1518 de
481 1468 743 1534 praestantia
763 1464 1085 1518 numismatum
1097 1471 1155 1514 T.
1171 1484 1211 1513 2.
1224 1483 1269 1532 p.
1288 1474 1377 1530 385
1396 1463 1460 1531 sq.
1503 1468 1611 1514 Fuit
1641 1483 1788 1521 autem
1809 1467 2012 1516 diadema
2030 1463 2160 1514 fascia

209 1539 429 1603 quaedam
450 1537 570 1598 alba,
603 1554 690 1602 qua¹
716 1551 847 1602 caput
867 1536 938 1583 vel
958 1535 1104 1601 pileus
1129 1534 1508 1589 circumdabatur,
1546 1535 1776 1583 interdum
1798 1553 1907 1600 pura
1928 1534 2158 1587 interdum
2244 1538 2247 1541 ’

210 1603 557 1667 λιθοκοὶλλητος
576 1604 663 1657 fiue
686 1618 932 1671 gemmata:
970 1603 1076 1651 vide
1095 1606 1219 1649 Ioan.
1235 1604 1476 1650 Braunium
1489 1600 1563 1656 lib.
1579 1615 1620 1658 2.
1641 1603 1697 1650 de
1718 1603 1913 1658 vestibus
1926 1603 2160 1650 Hebraeo-

210 1691 337 1729 rum,
376 1691 469 1739 cap.
488 1691 532 1736 4.
555 1677 590 1734 ξ,
613 1681 655 1732 8,
725 1671 1035 1726 Alexandrum
1059 1669 1113 1718 ab
1134 1671 1391 1724 Alexandro
1414 1669 1491 1718 lib.
1514 1688 1549 1720 ι.
1570 1688 1661 1736 cap.
1677 1680 1755 1728 28.
1823 1668 2159 1723 Carol.Pascha-
2232 1667 2241 1670 ”

210 1742 324 1787 lium
345 1741 418 1788 lib.
442 1758 484 1801 9.
509 1743 563 1790 de
585 1742 767 1795 coronis
808 1757 899 1805 cap,
924 1755 964 1800 3.
1035 1742 1158 1795 Ioan‚
1184 1740 1386 1793 Pieriam
1401 1739 1690 1791 Valerianum
1707 1737 1784 1784 lib.
1804 1755 1888 1800 4¹·
1908 1736 2158 1799 Hierogly-

212 1809 398 1873 phicon,
429 1825 523 1873 cap.
555 1826 595 1870 3.
679 1809 904 1856 Solerium
944 1805 1073 1869 (siue
1115 1808 1192 1871 qui
1217 1804 1314 1852 -sub
1349 1806 1437 1857 hoc
1477 1806 1665 1851 nomine
1701 1804 1806 1855 latet
1835 1804 2158 1868 Theophilum

209 1875 544 1939 Raynaudum)
575 1876 692 1923 libro
722 1877 778 1923 de
809 1877 930 1941 pileo
958 1879 992 1934 ς.
1014 1890 1057 1931 9.
1127 1874 1379 1924 Mat-tinum
1401 1872 1653 1922 Schmeizel
1674 1873 1854 1921 Corona
1876 1868 2159 1917 ‚Tranfilua-

213 1961 326 1992 num
348 1943 519 1990 erudita
545 1946 927 1994 commentatione
954 1938 1013 1988 'de
1031 1943 1212 1988 coronis
1234 1955 1324 1992 tam
1348 1940 1538 2002 antiquis
1557 1955 1692 2001 quam
1724 1937 1897 1990 nostrae
1923 1940 2072 1986 aetatis
2092 1941 2158 1986 Ie·

212 2028 295 2060 nae
324 2024 462 2070 1712.
486 2026 530 2074 4·
552 2027 599 2075 p·
628 2027 720 2069 139
744 2008 804 2073 sq.
840 2026 883 2056 et
907 2026 1018 2072 quae.
1044 2009 1135 2054 viri
1165 2005 1287 2058 doffi
1316 2021 1472 2053 notant
1503 2007 1555 2052 ad
1577 2006 1779 2054 Gellium
1802 2009 1857 2052 V.
1879 2015 1922 2055 6.
1998 2010 2156 2053 Icones

211 2080 355 2125 varias
376 2094 648 2129 coronarum
681 2093 734 2123 ex
756 2076 982 2138 veteribus
1002 2074 1152 2136 sigillis
1187 2073 1369 2120 exhibet
1394 2077 1428 2121 Ι.
1458 2077 1520 2120 Μ.
1547 2076 1819 2125 Heineccius
1848 2091 1890 2139 p.
1913 2083 2026 2131 208.
2049 2072 2155 2120 libri
2235 2088 2257 2105 -’

209 2144 381 2210 saepius
403 2145 577 2198 laudati.
653 2147 687 2190 Ι.
707 2151 758 2191 A.
774 2141 1043 2208 Rudolphus
1067 2144 1112 2189 in
1139 2142 1376 2192 Heraldica
1399 2138 1570 2191 curiosa
1596 2159 1695 2207 pag.
1720 2156 1832 2196 202.
1856 2157 1898 2188 et
1921 2144 2041 2191 Ioan.
2074 2145 2154 2187 Iac.
2199 2141 2203 2146 ’
2253 2136 2258 2154 ’

212 2213 450 2261 Chifletius
479 2230 578 2277 pag.
606 2227 711 2274 104.
733 2215 938 2275 Operum
969 2209 1302 2258 historicorum.
1371 2213 1442 2256 De
1464 2226 1631 2257 corona
1651 2213 1825 2272 Regum
1844 2224 2048 2263 veterum
2072 2210 2156 2255 Hi-

212 2283 394 2329 bei-niae
419 2282 526 2329 vide
547 2288 597 2328 A.
617 2282 666 2325 E.
697 2298 712 2326 1
727 2295 835 2340 724.
861 2295 903 2344 p.
927 2292 1040 2339 432.
1110 2281 1180 2325 De
1203 2278 1338 2330 cidari
1360 2278 1478 2342 apud
1501 2275 1647 2329 Persas
1667 2277 1890 2327 VIdendus
1911 2273 2156 2324 Briffonius
2250 2280 2251 2285 ’

211 2349 339 2396 libris
364 2349 419 2396 de
442 2365 584 2410 regno
605 2345 834 2394 Persarum
868 2362 910 2393 et
929 2343 1110 2393 Pitiscus
1131 2347 1186 2392 ad
1207 2348 1410 2393 Curtium
1424 2380 1434 2399 ,
1467 2361 1509 2396 et
1522 2379 1534 2400 ,
1566 2344 1597 2391 ss
1615 2344 1789 2398 nostrae
1807 2345 1955 2391 aetatis
1979 2347 2156 2406 Regum

210 2415 441 2465 Persarum
464 2433 679 2463 coronam
702 2414 884 2466 lustrare
906 2414 1073 2478 placet,
1108 2413 1404 2475 Engelbertus
1431 2411 1727 2477 Kaempferus
1747 2415 1792 2460 in
1815 2412 2157 2474 amoeuitatibus

213 2486 399 2531 exoticis
423 2501 519 2548 pag.
536 2499 610 2548 37.
682 2484 977 2530 Praeterimus
997 2499 1108 2545 quae
1128 2481 1183 2528 de
1205 2482 1300 2528 aliis
1321 2484 1514 2528 Coronis
1540 2479 1582 2511 ¹⁶
1604 2496 1646 2529 et
1669 2477 1845 2528 diuerso
1868 2494 2157 2538 coronarum,
2202 2504 2205 2507 -

215 2564 310 2599 tum
332 2554 464 2604 etiam
482 2549 706 2605 sertorum
725 2548 806 2599 vsu
827 2550 1107 2616 collegerunt
1120 2554 1287 2603 Anton.
1311 2548 1553 2614 Thylefius
1576 2549 1693 2599 libro
1715 2549 1771 2598 de
1792 2549 1998 2602 Coronis,
2031 2547 2155 2597 Guil.
2189 2591 2192 2593 ,
2240 2605 2249 2613 Ἣ

1599 2631 1606 2635 ’
2056 2619 2154 2662 Stu·
2246 2614 2251 2635 ²

2234 2686 2263 2809 i

269 2709 306 2738 ¹⁶
326 2711 526 2765 Glyceram
552 2715 798 2758 inuentrlcem
822 2715 1051 2757 corollarum
1076 2724 1183 2756 vocat
1207 2715 1353 2756 Plinius
1375 2714 1443 2757 lib.
1463 2714 1620 2755 XXXV.
1645 2723 1706 2757 11.
1724 2710 1773 2752 ita
1792 2711 1891 2752 enim
1920 2710 2033 2751 libros
2046 2711 2155 2758 MSS.

209 2767 426 2809 constanter
447 2768 571 2821 legere
593 2771 741 2809 testatur
766 2771 1005 2819 Harduinus,
1036 2772 1119 2812 licet
1147 2770 1343 2811 Salmalius
1373 2784 1408 2824 p.
1427 2769 1511 2822 246
1543 2769 1647 2809 malit
1675 2768 1869 2812 tutricem,
1903 2766 2154 2817 ςτεφοενηηλὸὲ

208 2839 287 2873 κον,
313 2835 407 2876 quae
429 2823 586 2865 corollas
608 2824 737 2864 vici-et.
795 2827 856 2865 De
875 2825 1007 2867 eadem
1029 2828 1196 2882 Glycera
1226 2826 1438 2880 coronaria,
1452 2824 1537 2866 vide
1556 2822 1721 2877 eundem
1741 2822 1907 2865 Plinium
1933 2823 2037 2868 XXI.
2060 2835 2097 2867 2.
2184 2848 2188 2849 ν
