2263 3027
208 143 304 199 156
391 131 663 186 cmm.
731 123 1382 195 ANTIQIT-ATVM
1449 121 1969 177 ROMANARVM

198 261 346 326 Sponii
366 255 554 320 (Iacobi)
576 256 630 302 de
651 254 841 316 Origine
860 255 1117 298 Strenarum
1130 246 1383 304 Dissertatio
1409 246 1647 314 epistolica,
1680 245 1912 314 Historico
1936 250 2135 307 moralis.

269 330 326 374 G.
351 329 424 371 IX.
460 339 567 380 203.
1749 327 1752 329 ’

198 415 270 437 n·
341 420 407 429 --
440 394 507 438 rei
538 391 809 455 antiquariae
847 381 1031 434 selesiae
1060 381 1335 449 quaestiones
1375 381 1423 429 in
1458 383 1600 430 varias
1641 381 1963 431 dissertationes
1991 383 2136 437 distri·
2221 393 2226 403 ”

276 458 434 516 butae;
478 476 598 506 nunc
609 472 808 523 primum
831 453 1028 501 redditae
1051 453 1186 501 latine
1204 454 1591 517 interpretePetro
1611 452 1831 500 Facciolo.
1865 455 1913 502 P.
1931 456 2009 501 IV.
2027 469 2134 514 309.

200 553 271 564 -—-
340 555 405 563 -—
444 525 716 573 miscellanea
744 521 943 570 eruditae
973 522 1257 586 antiquitatis.
1298 523 1339 566 P.
1363 522 1439 567 IV.
1461 524 1492 565 6
1500 533 1576 580 33,

204 596 407 661 Stephani
440 599 673 654 Byzantini
702 595 986 638 Grammazici
1012 589 1066 637 de
1095 589 1291 646 Dodone
1323 583 1642 648 fragmentum,
1679 602 1769 651 quo
1806 602 1899 634 tota
1926 604 2136 637 veterum

273 662 480 708 doeh-ina
503 677 544 706 et
567 657 778 705 fabulatio
801 658 857 705 de
883 658 1150 721 perantiquo
1174 654 1355 702 oraculo
1380 653 1460 699 isto
1483 658 1785 708 continentur,
1819 672 1922 700 cum
1955 658 2137 704 Exerci-

270 730 512 776 tationibus
536 728 779 788 recognitis
803 723 939 771 lambi
957 729 1176 776 Gronouiz}
1213 739 1315 769 cum
1349 720 1518 783 figuriS.
1551 726 1609 769 G.
1631 726 1732 768 VII.
1761 732 1866 781 269.

205 798 405 863 Stephani
424 798 647 856 (Henrici)
670 794 898 856 Dialogus,
933 791 1195 837 Dicaearchi
1212 787 1505 853 sympraeior,
1542 790 1613 836 vel
1635 790 1690 836 de
1723 792 2008 836 Graecorum
2040 805 2136 841 mof

279 863 414 915 ribus,
451 859 801 926 praesertimque
825 857 1191 912 Atheniensium,
1227 855 1603 921 supplementum.
1643 860 1700 904 G.
1722 860 1795 903 XI.
1819 857 1867 918 (ς
1884 858 1945 918 3.)

206 932 405 996 Stephani
426 931 661 989 (Ioachinu')
685 929 738 975 de
762 924 1076 973 Iurisdiffione
1105 941 1310 972 veterum
1345 929 1624 972 Graecorum
1653 923 1778 970 liber.
1817 927 1872 970 G.
1899 927 2138 988 VI.26¹75.

204 1001 418 1046 Streinius
439 997 725 1057 (Richardur)
747 995 801 1042 de
826 991 1049 1040 Gentibus
1078 1008 1122 1039 et
1143 993 1342 1039 Familiis
1366 995 1690 1039 Romanorum.
1727 994 1776 1036 R.
1797 994 1897 1038 VII.
1927 1008 2065 1050 1070.

204 1066 388 1127 Suarcfii
411 1064 596 1131 (Iosephi
614 1067 817 1122 Mariae)
841 1061 896 1108 de
913 1058 1213 1109 foraminibus
1232 1059 1432 1125 lapidum
1455 1062 1502 1108 in
1523 1057 1680 1127 priscis
1700 1057 1912 1107 aedificiis
1933 1059 2134 1112 diatriba.

278 1136 320 1181 S.
343 1135 376 1179 1.
403 1147 426 1194 3
442 1147 455 1180 1
471 1146 512 1192 3.
994 1163 997 1165 >
2103 1149 2107 1152 -

214 1264 431 1354 Pffi'mts
452 1267 654 1329 (Petrus)
678 1266 732 1313 de
763 1269 982 1313 Veterum
1015 1266 1328 1312 Romanorum
1355 1267 1490 1312 Anno
1509 1261 1728 1317 saeculari,
1767 1265 1948 1327 eiusque
1970 1259 2135 1327 potiffi’-

321 1351 446 1381 mum
467 1351 551 1399 per
574 1335 986 1382 LudosSaeculares
1002 1331 1267 1387 celebritate,
1303 1349 1555 1395 eorumque
1570 1331 1894 1391 Chronologia.
1932 1334 1982 1376 R.
2007 1333 2133 1379 VIII.

211 1420 459 1530 Thffiqgmm
478 1472 743 1532 (Georgius)
766 1469 819 1515 de
841 1467 1074 1514 Nundinis
1098 1479 1140 1510 et
1167 1462 1508 1510 Mercatoribus.
1543 1466 1593 1510 R.
1618 1468 1743 1511 VIII.
1767 1471 1880 1524 697.
1942 1516 1945 1519 ,

212 1538 347 1601 leysii
367 1540 579 1595 (Aulona)
602 1536 656 1582 de
676 1535 922 1600 Republica
943 1530 1281 1582 Atheniensium
1303 1529 1518 1578 discursus
1539 1532 1763 1594 politicus
1799 1535 1856 1578 G.
1879 1534 1935 1582 V.
1961 1537 2100 1590 1365.

206 1633 275 1641 --
341 1631 408 1638 -
447 1603 636 1649 Collatio
666 1607 838 1664 Legum
863 1597 1202 1650 Atheniensium
1225 1614 1267 1647 et
1295 1603 1614 1645 Romanarum.
1654 1602 1709 1646 G.
1738 1603 1794 1645 V.
1824 1613 1962 1658 1373.

213 1673 418 1732 Tomassm‘
441 1668 598 1729 (Iacobi
620 1670 814 1736 Philippi)
838 1674 999 1717 Manus
1021 1674 1197 1717 Aeneae
1219 1668 1430 1732 Cecropii
1450 1670 1624 1713 Votum
1656 1663 1891 1712 referentis
1924 1663 2135 1712 dilucida·

282 1740 361 1791 tio,
399 1754 500 1783 cum
523 1734 693 1797 figuris.
734 1741 790 1784 G.
813 1741 862 1782 X.
887 1744 1000 1798 657.

206 1831 274 1841 —-
343 1833 411 1840 —-
446 1805 500 1850 de
526 1805 736 1850 Donariis
758 1809 975 1852 Veterum
1002 1821 1050 1851 ac
1069 1802 1269 1850 Tabellis
1298 1803 1492 1857 Votiuis,
1539 1800 1654 1848 liber
1683 1798 1928 1861 fingulariS,
1963 1815 2065 1844 eum
2088 1794 2136 1844 fi-

271 1874 407 1935 guris.
445 1875 494 1917 R.
516 1874 611 1918 XII.
644 1885 755 1931 737.
801 1913 804 1917 .

208 1965 274 1974 ν-
347 1967 414 1974 -ν-
451 1939 507 1986 de
529 1936 722 1985 Tesscris
748 1937 1089 2004 Hospitalitatis‚
1129 1937 1245 1986 liber
1265 1936 1522 2000 singularis,
1558 1939 1604 1982 in
1628 1950 1718 1998 quo
1741 1935 1807 1979 ius
1829 1929 2013 1996 hospitii
2035 1933 2135 1980 vni·

281 2004 484 2060 uersum,
518 2007 634 2070 apud
673 2022 843 2054 veteres
870 2006 1173 2071 potiffimum'
1210 2005 1493 2069 expenditur.
1563 2001 1794 2050 Accedunt
1829 2000 2043 2062 quaedam
2078 2016 2134 2046 ex

273 2078 476 2120 Antonio
498 2072 747 2135 Augustino
771 2090 813 2120 ct
834 2079 1002 2121 Ioanne
1024 2072 1237 2120 Chifletio
1263 2072 1318 2117 ad
1338 2074 1555 2118 maiorem
1576 2068 1917 2116 illustrationem
1938 2067 2045 2113 hinc
2065 2068 2134 2113 in-

274 2141 328 2186 de
352 2138 523 2197 inserta,
561 2159 662 2187 cum
692 2139 859 2202 figuris.
898 2145 954 2189 G.
978 2145 1050 2187 IX.
1074 2155 1185 2198 213.

210 2209 448 2254 Trelierms
467 2209 744 2273 (Stephanus)
765 2209 818 2255 de
837 2213 939 2256 Iure
972 2207 1180 2254 Iurando.
1216 2209 1266 2252 R.
1289 2209 1343 2252 V.
1372 2213 1481 2266 869·
1933 2259 1935 2261 ,

215 2276 455 2338 Trzglmdii
473 2274 651 2336 (Iac-obi)
675 2279 702 2321 Ῑ,
728 2280 768 2322 F.
797 2281 826 2325 I.
853 2280 921 2337 N.)
944 2272 1239 2334 Coniefisanea
1258 2273 1312 2319 ad
1344 2273 1560 2340 quaedam
1591 2266 1776 2319 obscura
1806 2268 2047 2333 fragmenti
2075 2265 2133 2316 de

273 2342 469 2387 Dodone
488 2342 592 2387 loca.
628 2345 684 2389 G.
707 2347 806 2389 VII.
834 2362 885 2402 32
903 2362 937 2393 ι.

215 2408 401 2454 annebi
421 2410 640 2468 (Adriani)
666 2409 719 2455 de
746 2413 866 2456 Vino
888 2428 934 2457 ac
955 2412 1048 2456 eius
1069 2405 1149 2454 vsu
1173 2423 1216 2454 et
1242 2404 1376 2455 abusu
1399 2408 1588 2466 libellus.
1620 2409 1676 2454 G.
1700 2409 1772 2452 IX.
1797 2422 1904 2469 517.

211 2489 237 2516 a
262 2478 402 2519 Turre
421 2476 644 2542 (Phihppi)
672 2478 909 2541 explicatio
934 2474 1240 2541 inscriptionis
1262 2476 1571 2540 Lugdunensis
1593 2476 1648 2522 de
1668 2475 1950 2524 Taurobolio
1979 2491 2131 2542 repet-

277 2553 345 2584 tae
378 2547 427 2585 A.
458 2546 504 2588 C.
537 2559 673 2603 ¹704·
711 2546 849 2593 S.111.
873 2553 983 2606 853.
1576 2596 1579 2599 ³

208 2629 273 2638 --
349 2631 416 2638 ——-
451 2607 767 2659 dissertationes
792 2613 846 2659 de
876 2613 1074 2664 Belleno,
1109 2625 1152 2657 et
1173 2610 1268 2658 aliis
1290 2610 1554 2676 quibusdam
1575 2609 1928 2678 Aquileiensium
1950 2612 2050 2667 diis,
2081 2627 2131 2662 ac

280 2669 335 2718 d:
359 2672 533 2717 colonia
568 2678 874 2725 Foroiuliensi.
910 2683 946 2729 Ι.
986 2683 1064 2725 VI.
1097 2682 1175 2725 IV.
1210 2687 1252 2728 6,

207 2762 276 2772 --
340 2764 407 2776 --
442 2755 733 2792 monumenta
752 2749 916 2797 veteris
943 2747 1084 2803 Antii.
1123 2749 1158 2797 Ι.
1193 2749 1315 2800 vul..
1350 2749 1429 2799 IV.
1468 2763 1512 2814 7.
1571 2751 1573 2753 ’

1148 2812 1155 2815 ’
1198 2814 1203 2817 ’
1917 2815 2130 2882 δΤιιννιζςίἰ
