<?xml version="1.0" encoding="UTF-8"?>
<!DOCTYPE html PUBLIC "-//W3C//DTD XHTML 1.0 Transitional//EN"
    "http://www.w3.org/TR/xhtml1/DTD/xhtml1-transitional.dtd">
<html xmlns="http://www.w3.org/1999/xhtml" xml:lang="en" lang="en">
 <head>
  <title>
</title>
<meta http-equiv="Content-Type" content="text/html;charset=utf-8" />
  <meta name='ocr-system' content='tesseract 3.04.00' />
  <meta name='ocr-capabilities' content='ocr_page ocr_carea ocr_par ocr_line ocrx_word'/>
</head>
<body>
  <div class='ocr_page' id='page_1' title='image "./ioalbertifabrici00fabr/ioalbertifabrici00fabr_0392.png"; bbox 0 0 2263 3027; ppageno 0'>
   <div class='ocr_carea' id='block_1_1' title="bbox 225 135 1780 205">
    <p class='ocr_par' dir='ltr' id='par_1_1' title="bbox 225 135 1780 205">
     <span class='ocr_line' id='line_1_1' title="bbox 225 135 1780 205; baseline -0.003 -9"><span class='ocrx_word' id='word_1_1' title='bbox 225 151 317 205; x_wconf 77' lang='lat'>368</span> <span class='ocrx_word' id='word_1_2' title='bbox 624 139 774 199; x_wconf 76' lang='lat' dir='ltr'><strong>CAP.</strong></span> <span class='ocrx_word' id='word_1_3' title='bbox 808 137 944 200; x_wconf 67' lang='lat' dir='ltr'>vnn</span> <span class='ocrx_word' id='word_1_4' title='bbox 1015 135 1256 198; x_wconf 73' lang='lat' dir='ltr'>SANCT</span> <span class='ocrx_word' id='word_1_5' title='bbox 1260 138 1279 194; x_wconf 88' lang='lat'>1</span> <span class='ocrx_word' id='word_1_6' title='bbox 1316 135 1780 199; x_wconf 73' lang='lat' dir='ltr'><strong>CANONJSATI.</strong></span> 
     </span>
    </p>
   </div>
   <div class='ocr_carea' id='block_1_2' title="bbox 229 264 2247 2698">
    <p class='ocr_par' dir='ltr' id='par_1_2' title="bbox 229 264 2247 2698">
     <span class='ocr_line' id='line_1_2' title="bbox 229 264 2172 336; baseline -0.002 -16"><span class='ocrx_word' id='word_1_7' title='bbox 229 267 404 321; x_wconf 78' lang='lat' dir='ltr'>Confer</span> <span class='ocrx_word' id='word_1_8' title='bbox 429 268 606 317; x_wconf 84' lang='lat' dir='ltr'>easdem</span> <span class='ocrx_word' id='word_1_9' title='bbox 627 268 867 316; x_wconf 79' lang='lat' dir='ltr'>memorias</span> <span class='ocrx_word' id='word_1_10' title='bbox 893 271 941 316; x_wconf 67' lang='lat' dir='ltr'>A:</span> <span class='ocrx_word' id='word_1_11' title='bbox 968 272 1107 331; x_wconf 87' lang='lat'>1706.</span> <span class='ocrx_word' id='word_1_12' title='bbox 1127 284 1171 333; x_wconf 84' lang='lat' dir='ltr'>p.</span> <span class='ocrx_word' id='word_1_13' title='bbox 1201 268 1260 316; x_wconf 82' lang='lat'>16</span> <span class='ocrx_word' id='word_1_14' title='bbox 1267 281 1283 317; x_wconf 80' lang='lat' dir='ltr'>t</span> <span class='ocrx_word' id='word_1_15' title='bbox 1300 284 1338 314; x_wconf 90' lang='lat'>1.</span> <span class='ocrx_word' id='word_1_16' title='bbox 1408 267 1574 316; x_wconf 82' lang='lat' dir='ltr'>Similis</span> <span class='ocrx_word' id='word_1_17' title='bbox 1605 264 2172 336; x_wconf 53' lang='lat' dir='ltr'>consecratioadsttiptio„</span> 
     </span>
     <span class='ocr_line' id='line_1_3' title="bbox 230 332 2158 402; baseline -0.002 -13"><span class='ocrx_word' id='word_1_18' title='bbox 230 358 334 389; x_wconf 84' lang='lat' dir='ltr'>rum</span> <span class='ocrx_word' id='word_1_19' title='bbox 356 340 583 385; x_wconf 86' lang='lat' dir='ltr'>Diuorum</span> <span class='ocrx_word' id='word_1_20' title='bbox 601 335 719 402; x_wconf 84' lang='lat' dir='ltr'>apud</span> <span class='ocrx_word' id='word_1_21' title='bbox 742 336 843 382; x_wconf 80' lang='lat' dir='ltr'>alias</span> <span class='ocrx_word' id='word_1_22' title='bbox 873 337 1006 383; x_wconf 86' lang='lat' dir='ltr'>etiam</span> <span class='ocrx_word' id='word_1_23' title='bbox 1033 351 1188 398; x_wconf 84' lang='lat' dir='ltr'>gentes</span> <span class='ocrx_word' id='word_1_24' title='bbox 1210 338 1487 401; x_wconf 82' lang='lat' dir='ltr'>Aegyptios,</span> <span class='ocrx_word' id='word_1_25' title='bbox 1523 332 1694 390; x_wconf 82' lang='lat' dir='ltr'>Persas,</span> <span class='ocrx_word' id='word_1_26' title='bbox 1730 338 1950 395; x_wconf 74' lang='lat' dir='ltr'>Graecos,</span> <span class='ocrx_word' id='word_1_27' title='bbox 1984 334 2062 385; x_wconf 90' lang='lat' dir='ltr'>vsu</span> <span class='ocrx_word' id='word_1_28' title='bbox 2086 355 2158 386; x_wconf 84' lang='lat' dir='ltr'>ve-</span> 
     </span>
     <span class='ocr_line' id='line_1_4' title="bbox 233 401 2161 468; baseline -0.002 -12"><span class='ocrx_word' id='word_1_29' title='bbox 233 411 323 463; x_wconf 86' lang='lat' dir='ltr'>nit,</span> <span class='ocrx_word' id='word_1_30' title='bbox 358 421 409 452; x_wconf 90' lang='lat' dir='ltr'>vt</span> <span class='ocrx_word' id='word_1_31' title='bbox 431 405 594 452; x_wconf 88' lang='lat' dir='ltr'>docent</span> <span class='ocrx_word' id='word_1_32' title='bbox 608 406 878 468; x_wconf 65' lang='lat' dir='ltr'>&gt;interpretes</span> <span class='ocrx_word' id='word_1_33' title='bbox 902 403 956 451; x_wconf 85' lang='lat' dir='ltr'>ad</span> <span class='ocrx_word' id='word_1_34' title='bbox 977 402 1412 468; x_wconf 71' lang='lat' dir='ltr'>librum‘Sapientiae</span> <span class='ocrx_word' id='word_1_35' title='bbox 1427 422 1461 451; x_wconf 89' lang='lat' dir='ltr'>c.</span> <span class='ocrx_word' id='word_1_36' title='bbox 1482 407 1600 452; x_wconf 83' lang='lat' dir='ltr'><strong>XIV.</strong></span> <span class='ocrx_word' id='word_1_37' title='bbox 1624 422 1638 450; x_wconf 75' lang='grc' dir='ltr'><em>ι</em></span> <span class='ocrx_word' id='word_1_38' title='bbox 1654 419 1694 465; x_wconf 84' lang='lat'>5.</span> <span class='ocrx_word' id='word_1_39' title='bbox 1718 401 1840 452; x_wconf 82' lang='lat' dir='ltr'>conf.</span> <span class='ocrx_word' id='word_1_40' title='bbox 1862 407 1971 453; x_wconf 87' lang='lat' dir='ltr'>Rev.</span> <span class='ocrx_word' id='word_1_41' title='bbox 1988 407 2161 455; x_wconf 62' lang='lat' dir='ltr'>ImFaes</span> 
     </span>
     <span class='ocr_line' id='line_1_5' title="bbox 234 467 2159 537; baseline -0.001 -15"><span class='ocrx_word' id='word_1_42' title='bbox 234 478 382 522; x_wconf 80' lang='lat' dir='ltr'>Notas</span> <span class='ocrx_word' id='word_1_43' title='bbox 400 473 455 523; x_wconf 83' lang='lat' dir='ltr'>ad</span> <span class='ocrx_word' id='word_1_44' title='bbox 475 471 733 536; x_wconf 77' lang='lat' dir='ltr'>Gyraldum</span> <span class='ocrx_word' id='word_1_45' title='bbox 752 488 796 536; x_wconf 89' lang='lat' dir='ltr'>p.</span> <span class='ocrx_word' id='word_1_46' title='bbox 828 478 939 529; x_wconf 86' lang='lat'><strong>698.</strong></span> <span class='ocrx_word' id='word_1_47' title='bbox 959 467 1054 536; x_wconf 88' lang='lat' dir='ltr'><strong>sqq.</strong></span> <span class='ocrx_word' id='word_1_48' title='bbox 1128 475 1179 524; x_wconf 82' lang='lat' dir='ltr'>G.</span> <span class='ocrx_word' id='word_1_49' title='bbox 1198 471 1435 533; x_wconf 58' lang='lat' dir='ltr'>Pistorium</span> <span class='ocrx_word' id='word_1_50' title='bbox 1458 472 1513 519; x_wconf 90' lang='lat' dir='ltr'>de</span> <span class='ocrx_word' id='word_1_51' title='bbox 1532 470 1762 537; x_wconf 81' lang='lat' dir='ltr'>apotheosi</span> <span class='ocrx_word' id='word_1_52' title='bbox 1789 487 1881 522; x_wconf 83' lang='lat' dir='ltr'>tam</span> <span class='ocrx_word' id='word_1_53' title='bbox 1905 489 2159 521; x_wconf 82' lang='lat' dir='ltr'>exterarum</span> 
     </span>
     <span class='ocr_line' id='line_1_6' title="bbox 234 537 2162 608; baseline -0.002 -18"><span class='ocrx_word' id='word_1_54' title='bbox 234 544 441 608; x_wconf 75' lang='lat' dir='ltr'>gentium</span> <span class='ocrx_word' id='word_1_55' title='bbox 459 557 592 605; x_wconf 77' lang='lat' dir='ltr'>quam</span> <span class='ocrx_word' id='word_1_56' title='bbox 613 542 801 586; x_wconf 85' lang='lat' dir='ltr'>Roman.</span> <span class='ocrx_word' id='word_1_57' title='bbox 825 538 946 587; x_wconf 81' lang='lat' dir='ltr'>Bafil.</span> <span class='ocrx_word' id='word_1_58' title='bbox 977 547 1112 601; x_wconf 74' lang='lat'>1558.</span> <span class='ocrx_word' id='word_1_59' title='bbox 1142 554 1186 588; x_wconf 88' lang='lat' dir='ltr'>et</span> <span class='ocrx_word' id='word_1_60' title='bbox 1216 537 1315 603; x_wconf 86' lang='lat' dir='ltr'>post</span> <span class='ocrx_word' id='word_1_61' title='bbox 1337 542 1536 587; x_wconf 81' lang='lat' dir='ltr'><em>Marcelli</em></span> <span class='ocrx_word' id='word_1_62' title='bbox 1559 541 1749 587; x_wconf 80' lang='lat' dir='ltr'>Seueroli</span> <span class='ocrx_word' id='word_1_63' title='bbox 1775 542 1948 606; x_wconf 87' lang='lat' dir='ltr'>Equitis</span> <span class='ocrx_word' id='word_1_64' title='bbox 1966 542 2162 593; x_wconf 84' lang='lat' dir='ltr'>Romani</span> 
     </span>
     <span class='ocr_line' id='line_1_7' title="bbox 233 606 2162 676; baseline -0.001 -18"><span class='ocrx_word' id='word_1_65' title='bbox 233 628 350 676; x_wconf 86' lang='lat' dir='ltr'>opus</span> <span class='ocrx_word' id='word_1_66' title='bbox 371 608 470 656; x_wconf 80' lang='lat' dir='ltr'>fatis</span> <span class='ocrx_word' id='word_1_67' title='bbox 489 606 679 655; x_wconf 71' lang='lat' dir='ltr'>austoris</span> <span class='ocrx_word' id='word_1_68' title='bbox 700 609 1023 672; x_wconf 86' lang='lat' dir='ltr'>interceptum,</span> <span class='ocrx_word' id='word_1_69' title='bbox 1056 609 1249 654; x_wconf 83' lang='lat' dir='ltr'><em>Paullum</em></span> <span class='ocrx_word' id='word_1_70' title='bbox 1267 607 1384 653; x_wconf 82' lang='lat' dir='ltr'>Alex.</span> <span class='ocrx_word' id='word_1_71' title='bbox 1405 608 1633 669; x_wconf 82' lang='lat' dir='ltr'>Maffelum</span> <span class='ocrx_word' id='word_1_72' title='bbox 1654 622 1779 672; x_wconf 83' lang='lat' dir='ltr'>parte</span> <span class='ocrx_word' id='word_1_73' title='bbox 1805 624 1846 672; x_wconf 83' lang='lat'>3.</span> <span class='ocrx_word' id='word_1_74' title='bbox 1878 625 2162 670; x_wconf 84' lang='lat' dir='ltr'>gemmarum</span> 
     </span>
     <span class='ocr_line' id='line_1_8' title="bbox 229 671 2169 742; baseline -0.002 -15"><span class='ocrx_word' id='word_1_75' title='bbox 229 693 437 727; x_wconf 79' lang='lat' dir='ltr'>veterum</span> <span class='ocrx_word' id='word_1_76' title='bbox 477 675 788 726; x_wconf 81' lang='lat' dir='ltr'>illustratarum</span> <span class='ocrx_word' id='word_1_77' title='bbox 829 692 876 740; x_wconf 85' lang='lat' dir='ltr'>p.</span> <span class='ocrx_word' id='word_1_78' title='bbox 912 683 1022 730; x_wconf 86' lang='lat'>208.</span> <span class='ocrx_word' id='word_1_79' title='bbox 1055 671 1144 739; x_wconf 87' lang='lat' dir='ltr'>seq.</span> <span class='ocrx_word' id='word_1_80' title='bbox 1213 677 1379 739; x_wconf 83' lang='lat' dir='ltr'>Neque</span> <span class='ocrx_word' id='word_1_81' title='bbox 1408 672 1486 722; x_wconf 89' lang='lat' dir='ltr'>sub</span> <span class='ocrx_word' id='word_1_82' title='bbox 1520 674 1779 723; x_wconf 81' lang='lat' dir='ltr'>Christianis</span> <span class='ocrx_word' id='word_1_83' title='bbox 1811 675 2169 742; x_wconf 76' lang='lat' dir='ltr'>Imperatoribus‘</span> 
     </span>
     <span class='ocr_line' id='line_1_9' title="bbox 234 739 2163 809; baseline -0.001 -16"><span class='ocrx_word' id='word_1_84' title='bbox 234 764 412 793; x_wconf 78' lang='lat' dir='ltr'>morem</span> <span class='ocrx_word' id='word_1_85' title='bbox 436 746 557 792; x_wconf 88' lang='lat' dir='ltr'>hunc</span> <span class='ocrx_word' id='word_1_86' title='bbox 580 746 758 809; x_wconf 80' lang='lat' dir='ltr'>penitus</span> <span class='ocrx_word' id='word_1_87' title='bbox 784 740 1080 790; x_wconf 73' lang='lat' dir='ltr'>intermissum</span> <span class='ocrx_word' id='word_1_88' title='bbox 1107 739 1310 790; x_wconf 86' lang='lat' dir='ltr'>obseruat</span> <span class='ocrx_word' id='word_1_89' title='bbox 1337 742 1546 789; x_wconf 83' lang='lat' dir='ltr'>Claudius</span> <span class='ocrx_word' id='word_1_90' title='bbox 1579 744 1943 791; x_wconf 80' lang='lat' dir='ltr'>Bartholomaeus</span> <span class='ocrx_word' id='word_1_91' title='bbox 1965 740 2163 791; x_wconf 86' lang='lat' dir='ltr'>Moriso-</span> 
     </span>
     <span class='ocr_line' id='line_1_10' title="bbox 232 809 2163 876; baseline -0.002 -15"><span class='ocrx_word' id='word_1_92' title='bbox 232 830 305 868; x_wconf 82' lang='lat' dir='ltr'>tus</span> <span class='ocrx_word' id='word_1_93' title='bbox 328 817 511 861; x_wconf 86' lang='lat' dir='ltr'>Centur.</span> <span class='ocrx_word' id='word_1_94' title='bbox 543 829 577 860; x_wconf 88' lang='grc' dir='ltr'><strong>ι.</strong></span> <span class='ocrx_word' id='word_1_95' title='bbox 599 814 678 876; x_wconf 88' lang='lat' dir='ltr'>Ep.</span> <span class='ocrx_word' id='word_1_96' title='bbox 706 827 781 875; x_wconf 85' lang='lat'>37.</span> <span class='ocrx_word' id='word_1_97' title='bbox 852 810 1125 863; x_wconf 79' lang='lat' dir='ltr'>Immodicae</span> <span class='ocrx_word' id='word_1_98' title='bbox 1147 811 1392 858; x_wconf 75' lang='lat' dir='ltr'>adulationi</span> <span class='ocrx_word' id='word_1_99' title='bbox 1412 826 1556 857; x_wconf 89' lang='lat' dir='ltr'>totum</span> <span class='ocrx_word' id='word_1_100' title='bbox 1580 811 1668 860; x_wconf 92' lang='lat' dir='ltr'>hoc</span> <span class='ocrx_word' id='word_1_101' title='bbox 1690 809 1778 858; x_wconf 86' lang='lat' dir='ltr'>suis</span> <span class='ocrx_word' id='word_1_102' title='bbox 1791 810 2073 876; x_wconf 83' lang='lat' dir='ltr'>temporibus</span> <span class='ocrx_word' id='word_1_103' title='bbox 2091 810 2163 858; x_wconf 82' lang='lat' dir='ltr'>ad·</span> 
     </span>
     <span class='ocr_line' id='line_1_11' title="bbox 235 878 2163 947; baseline -0.002 -18"><span class='ocrx_word' id='word_1_104' title='bbox 235 881 388 930; x_wconf 79' lang='lat' dir='ltr'>scribit</span> <span class='ocrx_word' id='word_1_105' title='bbox 401 880 627 942; x_wconf 82' lang='lat' dir='ltr'>Paufimias</span> <span class='ocrx_word' id='word_1_106' title='bbox 647 881 694 925; x_wconf 94' lang='lat' dir='ltr'>in</span> <span class='ocrx_word' id='word_1_107' title='bbox 721 878 946 928; x_wconf 83' lang='lat' dir='ltr'>Arcadicis</span> <span class='ocrx_word' id='word_1_108' title='bbox 966 886 1085 947; x_wconf 87' lang='lat' dir='ltr'>p.6o</span> <span class='ocrx_word' id='word_1_109' title='bbox 1098 893 1131 927; x_wconf 86' lang='lat' dir='ltr'>t.</span> <span class='ocrx_word' id='word_1_110' title='bbox 1203 879 1373 942; x_wconf 82' lang='lat' dir='ltr'>Nostra,</span> <span class='ocrx_word' id='word_1_111' title='bbox 1388 880 1568 943; x_wconf 76' lang='lat' dir='ltr'>inquit,</span> <span class='ocrx_word' id='word_1_112' title='bbox 1589 891 1750 933; x_wconf 79' lang='lat' dir='ltr'>aetate,</span> <span class='ocrx_word' id='word_1_113' title='bbox 1769 878 2163 945; x_wconf 78' lang='lat' dir='ltr'>quaglistensfraus</span> 
     </span>
     <span class='ocr_line' id='line_1_12' title="bbox 235 944 2171 1014; baseline -0.003 -18"><span class='ocrx_word' id='word_1_114' title='bbox 235 963 280 997; x_wconf 81' lang='lat' dir='ltr'>et</span> <span class='ocrx_word' id='word_1_115' title='bbox 296 951 472 996; x_wconf 80' lang='lat' dir='ltr'>audacia</span> <span class='ocrx_word' id='word_1_116' title='bbox 491 963 629 993; x_wconf 78' lang='lat' dir='ltr'>omnes</span> <span class='ocrx_word' id='word_1_117' title='bbox 641 961 775 1013; x_wconf 73' lang='lat' dir='ltr'>prope</span> <span class='ocrx_word' id='word_1_118' title='bbox 803 958 952 992; x_wconf 72' lang='lat' dir='ltr'>terrae</span> <span class='ocrx_word' id='word_1_119' title='bbox 976 959 1125 1012; x_wconf 82' lang='lat' dir='ltr'>partes</span> <span class='ocrx_word' id='word_1_120' title='bbox 1151 944 1358 1009; x_wconf 84' lang='lat' dir='ltr'>vrbesque</span> <span class='ocrx_word' id='word_1_121' title='bbox 1387 951 1626 1014; x_wconf 81' lang='lat' dir='ltr'>occupauit,</span> <span class='ocrx_word' id='word_1_122' title='bbox 1660 948 1764 993; x_wconf 80' lang='lat' dir='ltr'>nulli</span> <span class='ocrx_word' id='word_1_123' title='bbox 1792 954 1878 994; x_wconf 82' lang='lat' dir='ltr'>iam</span> <span class='ocrx_word' id='word_1_124' title='bbox 1909 948 2092 994; x_wconf 78' lang='lat' dir='ltr'>homines</span> <span class='ocrx_word' id='word_1_125' title='bbox 2120 950 2171 994; x_wconf 66' lang='lat' dir='ltr'>in⁴</span> 
     </span>
     <span class='ocr_line' id='line_1_13' title="bbox 239 1014 2168 1080; baseline -0.001 -17"><span class='ocrx_word' id='word_1_126' title='bbox 239 1021 432 1066; x_wconf 80' lang='lat' dir='ltr'>Deorum</span> <span class='ocrx_word' id='word_1_127' title='bbox 450 1031 672 1064; x_wconf 77' lang='lat' dir='ltr'>numerum</span> <span class='ocrx_word' id='word_1_128' title='bbox 690 1018 888 1067; x_wconf 72' lang='lat' dir='ltr'>veniunt,</span> <span class='ocrx_word' id='word_1_129' title='bbox 920 1015 998 1076; x_wconf 82' lang='lat' dir='ltr'>nist</span> <span class='ocrx_word' id='word_1_130' title='bbox 1003 1015 1126 1079; x_wconf 86' lang='lat' dir='ltr'>forte</span> <span class='ocrx_word' id='word_1_131' title='bbox 1149 1029 1230 1080; x_wconf 84' lang='lat' dir='ltr'>per</span> <span class='ocrx_word' id='word_1_132' title='bbox 1258 1019 1400 1060; x_wconf 79' lang='lat' dir='ltr'>inanes</span> <span class='ocrx_word' id='word_1_133' title='bbox 1416 1014 1584 1070; x_wconf 68' lang='lat' dir='ltr'>titulos,</span> <span class='ocrx_word' id='word_1_134' title='bbox 1619 1027 1661 1059; x_wconf 86' lang='lat' dir='ltr'>et</span> <span class='ocrx_word' id='word_1_135' title='bbox 1681 1017 1933 1060; x_wconf 70' lang='lat' dir='ltr'>immodicae</span> <span class='ocrx_word' id='word_1_136' title='bbox 1960 1015 2168 1062; x_wconf 81' lang='lat' dir='ltr'>adnla&#39;tio·</span> 
     </span>
     <span class='ocr_line' id='line_1_14' title="bbox 237 1078 2168 1146; baseline -0.001 -15"><span class='ocrx_word' id='word_1_137' title='bbox 237 1090 305 1134; x_wconf 80' lang='lat' dir='ltr'>nis</span> <span class='ocrx_word' id='word_1_138' title='bbox 324 1085 546 1130; x_wconf 73' lang='lat' dir='ltr'>licentiam.</span> <span class='ocrx_word' id='word_1_139' title='bbox 614 1085 739 1128; x_wconf 82' lang='lat' dir='ltr'>Haec</span> <span class='ocrx_word' id='word_1_140' title='bbox 770 1078 870 1129; x_wconf 87' lang='lat' dir='ltr'>sane</span> <span class='ocrx_word' id='word_1_141' title='bbox 900 1096 1017 1128; x_wconf 85' lang='lat' dir='ltr'>tanta</span> <span class='ocrx_word' id='word_1_142' title='bbox 1049 1084 1137 1129; x_wconf 79' lang='lat' dir='ltr'>iam</span> <span class='ocrx_word' id='word_1_143' title='bbox 1166 1083 1441 1129; x_wconf 87' lang='lat' dir='ltr'>incrementa</span> <span class='ocrx_word' id='word_1_144' title='bbox 1476 1097 1653 1146; x_wconf 78' lang='lat' dir='ltr'>ceperat</span> <span class='ocrx_word' id='word_1_145' title='bbox 1680 1082 1798 1146; x_wconf 88' lang='lat' dir='ltr'>apud</span> <span class='ocrx_word' id='word_1_146' title='bbox 1827 1084 2081 1135; x_wconf 87' lang='lat' dir='ltr'>Romanos,</span> <span class='ocrx_word' id='word_1_147' title='bbox 2116 1094 2168 1129; x_wconf 80' lang='lat' dir='ltr'>vt</span> 
     </span>
     <span class='ocr_line' id='line_1_15' title="bbox 234 1147 2170 1217; baseline -0.002 -18"><span class='ocrx_word' id='word_1_148' title='bbox 234 1149 505 1217; x_wconf 83' lang='lat' dir='ltr'>spirantibus</span> <span class='ocrx_word' id='word_1_149' title='bbox 525 1150 772 1195; x_wconf 72' lang='lat' dir='ltr'>etiamnum</span> <span class='ocrx_word' id='word_1_150' title='bbox 795 1149 1147 1213; x_wconf 75' lang='lat' dir='ltr'>imperatoribus</span> <span class='ocrx_word' id='word_1_151' title='bbox 1170 1150 1336 1214; x_wconf 84' lang='lat' dir='ltr'>templa</span> <span class='ocrx_word' id='word_1_152' title='bbox 1356 1147 1648 1197; x_wconf 83' lang='lat' dir='ltr'>statuerentur</span> <span class='ocrx_word' id='word_1_153' title='bbox 1683 1165 1727 1196; x_wconf 92' lang='lat' dir='ltr'>et</span> <span class='ocrx_word' id='word_1_154' title='bbox 1748 1147 1992 1212; x_wconf 87' lang='lat' dir='ltr'>Augustea,</span> <span class='ocrx_word' id='word_1_155' title='bbox 2028 1147 2170 1196; x_wconf 81' lang='lat' dir='ltr'>flami·</span> 
     </span>
     <span class='ocr_line' id='line_1_16' title="bbox 237 1213 2170 1287; baseline -0.002 -20"><span class='ocrx_word' id='word_1_156' title='bbox 237 1235 407 1287; x_wconf 83' lang='lat' dir='ltr'>nesque</span> <span class='ocrx_word' id='word_1_157' title='bbox 429 1234 475 1264; x_wconf 86' lang='lat' dir='ltr'>ac</span> <span class='ocrx_word' id='word_1_158' title='bbox 495 1214 662 1263; x_wconf 75' lang='lat' dir='ltr'>sod-ales</span> <span class='ocrx_word' id='word_1_159' title='bbox 688 1213 1063 1267; x_wconf 82' lang='lat' dir='ltr'>consecrarentur.</span> <span class='ocrx_word' id='word_1_160' title='bbox 1134 1217 1252 1264; x_wconf 85' lang='lat' dir='ltr'>Vide</span> <span class='ocrx_word' id='word_1_161' title='bbox 1272 1221 1331 1264; x_wconf 90' lang='lat' dir='ltr'>H.</span> <span class='ocrx_word' id='word_1_162' title='bbox 1364 1219 1507 1267; x_wconf 74' lang='lat' dir='ltr'>Notis</span> <span class='ocrx_word' id='word_1_163' title='bbox 1540 1218 1818 1280; x_wconf 74' lang='lat' dir='ltr'>Ceuotaphia</span> <span class='ocrx_word' id='word_1_164' title='bbox 1834 1213 1984 1263; x_wconf 82' lang='lat' dir='ltr'>Pisana</span> <span class='ocrx_word' id='word_1_165' title='bbox 2006 1213 2097 1263; x_wconf 77' lang='lat' dir='ltr'>diff.</span> <span class='ocrx_word' id='word_1_166' title='bbox 2129 1231 2170 1264; x_wconf 88' lang='lat'>1.</span> 
     </span>
     <span class='ocr_line' id='line_1_17' title="bbox 238 1281 2171 1352; baseline -0.002 -19"><span class='ocrx_word' id='word_1_167' title='bbox 238 1305 272 1337; x_wconf 85' lang='lat' dir='ltr'>c.</span> <span class='ocrx_word' id='word_1_168' title='bbox 298 1305 345 1352; x_wconf 87' lang='lat'>4.</span> <span class='ocrx_word' id='word_1_169' title='bbox 412 1285 674 1345; x_wconf 74' lang='lat' dir='ltr'>catalogum</span> <span class='ocrx_word' id='word_1_170' title='bbox 699 1287 1032 1347; x_wconf 75' lang='lat' dir='ltr'>Imperatorum</span> <span class='ocrx_word' id='word_1_171' title='bbox 1052 1300 1094 1331; x_wconf 83' lang='lat' dir='ltr'>et</span> <span class='ocrx_word' id='word_1_172' title='bbox 1119 1283 1416 1346; x_wconf 70' lang='lat' dir='ltr'>Augustarum</span> <span class='ocrx_word' id='word_1_173' title='bbox 1446 1281 1797 1332; x_wconf 82' lang='lat' dir='ltr'>consecrat-arum</span> <span class='ocrx_word' id='word_1_174' title='bbox 1831 1300 1855 1330; x_wconf 87' lang='lat' dir='ltr'>e</span> <span class='ocrx_word' id='word_1_175' title='bbox 1878 1298 1986 1332; x_wconf 85' lang='lat' dir='ltr'>vett.</span> <span class='ocrx_word' id='word_1_176' title='bbox 2009 1299 2171 1331; x_wconf 84' lang='lat' dir='ltr'>monu-</span> 
     </span>
     <span class='ocr_line' id='line_1_18' title="bbox 238 1349 2177 1412; baseline -0.001 -12"><span class='ocrx_word' id='word_1_177' title='bbox 238 1355 404 1406; x_wconf 75' lang='lat' dir='ltr'>mentis</span> <span class='ocrx_word' id='word_1_178' title='bbox 431 1367 473 1398; x_wconf 83' lang='lat' dir='ltr'>et</span> <span class='ocrx_word' id='word_1_179' title='bbox 495 1353 644 1398; x_wconf 85' lang='lat' dir='ltr'>numis</span> <span class='ocrx_word' id='word_1_180' title='bbox 665 1351 736 1395; x_wconf 88' lang='lat' dir='ltr'>dat</span> <span class='ocrx_word' id='word_1_181' title='bbox 771 1367 952 1412; x_wconf 88' lang='lat' dir='ltr'>quoque</span> <span class='ocrx_word' id='word_1_182' title='bbox 986 1349 1208 1398; x_wconf 82' lang='lat' dir='ltr'>Onufrius</span> <span class='ocrx_word' id='word_1_183' title='bbox 1242 1352 1297 1399; x_wconf 87' lang='lat' dir='ltr'>de</span> <span class='ocrx_word' id='word_1_184' title='bbox 1331 1352 1508 1397; x_wconf 86' lang='lat' dir='ltr'>ciuitate</span> <span class='ocrx_word' id='word_1_185' title='bbox 1537 1353 1669 1397; x_wconf 85' lang='lat' dir='ltr'>Rom.</span> <span class='ocrx_word' id='word_1_186' title='bbox 1703 1368 1737 1397; x_wconf 89' lang='lat' dir='ltr'>c.</span> <span class='ocrx_word' id='word_1_187' title='bbox 1761 1359 1837 1402; x_wconf 83' lang='lat'>28.</span> <span class='ocrx_word' id='word_1_188' title='bbox 1854 1354 1916 1398; x_wconf 89' lang='grc' dir='ltr'>Τ.</span> <span class='ocrx_word' id='word_1_189' title='bbox 1943 1365 1980 1398; x_wconf 86' lang='lat'>1.</span> <span class='ocrx_word' id='word_1_190' title='bbox 2003 1354 2177 1406; x_wconf 43' lang='lat' dir='ltr'>Graevv</span> 
     </span>
     <span class='ocr_line' id='line_1_19' title="bbox 235 1414 2172 1490; baseline -0.001 -23"><span class='ocrx_word' id='word_1_191' title='bbox 235 1440 283 1490; x_wconf 81' lang='lat' dir='ltr'>p.</span> <span class='ocrx_word' id='word_1_192' title='bbox 310 1437 416 1478; x_wconf 79' lang='lat'>224,</span> <span class='ocrx_word' id='word_1_193' title='bbox 487 1415 606 1465; x_wconf 85' lang='lat' dir='ltr'>Busti</span> <span class='ocrx_word' id='word_1_194' title='bbox 636 1418 826 1480; x_wconf 73' lang='lat' dir='ltr'>rogique</span> <span class='ocrx_word' id='word_1_195' title='bbox 853 1416 1055 1480; x_wconf 80' lang='lat' dir='ltr'>quadrati</span> <span class='ocrx_word' id='word_1_196' title='bbox 1084 1433 1127 1464; x_wconf 89' lang='lat' dir='ltr'>et</span> <span class='ocrx_word' id='word_1_197' title='bbox 1152 1415 1352 1481; x_wconf 84' lang='lat' dir='ltr'>superius</span> <span class='ocrx_word' id='word_1_198' title='bbox 1374 1420 1416 1464; x_wconf 92' lang='lat' dir='ltr'>in</span> <span class='ocrx_word' id='word_1_199' title='bbox 1439 1417 1687 1485; x_wconf 80' lang='lat' dir='ltr'>pyramidis</span> <span class='ocrx_word' id='word_1_200' title='bbox 1714 1414 1912 1465; x_wconf 82' lang='lat' dir='ltr'>formam</span> <span class='ocrx_word' id='word_1_201' title='bbox 1933 1415 2172 1466; x_wconf 73' lang='lat' dir='ltr'>defluentis</span> 
     </span>
     <span class='ocr_line' id='line_1_20' title="bbox 237 1482 2173 1556; baseline -0.001 -20"><span class='ocrx_word' id='word_1_202' title='bbox 237 1489 413 1556; x_wconf 82' lang='lat' dir='ltr'>qualem</span> <span class='ocrx_word' id='word_1_203' title='bbox 430 1488 475 1532; x_wconf 89' lang='lat' dir='ltr'>in</span> <span class='ocrx_word' id='word_1_204' title='bbox 488 1482 894 1532; x_wconf 84' lang='lat' dir='ltr'>consecrationibus</span> <span class='ocrx_word' id='word_1_205' title='bbox 905 1483 1108 1534; x_wconf 79' lang='lat' dir='ltr'>vfitatum</span> <span class='ocrx_word' id='word_1_206' title='bbox 1122 1482 1248 1533; x_wconf 82' lang='lat' dir='ltr'>fuiffe</span> <span class='ocrx_word' id='word_1_207' title='bbox 1260 1483 1400 1533; x_wconf 85' lang='lat' dir='ltr'>refert</span> <span class='ocrx_word' id='word_1_208' title='bbox 1411 1486 1723 1538; x_wconf 75' lang='lat' dir='ltr'>HerodianuS,</span> <span class='ocrx_word' id='word_1_209' title='bbox 1745 1482 2092 1550; x_wconf 85' lang='lat' dir='ltr'>descriptionem</span> <span class='ocrx_word' id='word_1_210' title='bbox 2116 1490 2173 1535; x_wconf 77' lang='lat' dir='ltr'>ex&#39;</span> 
     </span>
     <span class='ocr_line' id='line_1_21' title="bbox 236 1550 2172 1617; baseline -0.003 -11"><span class='ocrx_word' id='word_1_211' title='bbox 236 1559 383 1606; x_wconf 83' lang='lat' dir='ltr'>veteri</span> <span class='ocrx_word' id='word_1_212' title='bbox 396 1570 537 1602; x_wconf 84' lang='lat' dir='ltr'>numo</span> <span class='ocrx_word' id='word_1_213' title='bbox 550 1550 733 1600; x_wconf 82' lang='lat' dir='ltr'>exhibet</span> <span class='ocrx_word' id='word_1_214' title='bbox 744 1550 946 1598; x_wconf 79' lang='lat' dir='ltr'>Nicasius</span> <span class='ocrx_word' id='word_1_215' title='bbox 958 1570 1056 1617; x_wconf 78' lang='lat' dir='ltr'>pag.</span> <span class='ocrx_word' id='word_1_216' title='bbox 1079 1571 1100 1614; x_wconf 83' lang='lat'><em>3</em></span> <span class='ocrx_word' id='word_1_217' title='bbox 1115 1570 1152 1611; x_wconf 89' lang='lat'>3.</span> <span class='ocrx_word' id='word_1_218' title='bbox 1190 1550 1553 1603; x_wconf 86' lang='lat' dir='ltr'>Confericonem</span> <span class='ocrx_word' id='word_1_219' title='bbox 1566 1555 1790 1616; x_wconf 83' lang='lat' dir='ltr'>eleganter</span> <span class='ocrx_word' id='word_1_220' title='bbox 1812 1554 1866 1600; x_wconf 84' lang='lat' dir='ltr'>ad</span> <span class='ocrx_word' id='word_1_221' title='bbox 1878 1557 2082 1601; x_wconf 83' lang='lat' dir='ltr'>veterum</span> <span class='ocrx_word' id='word_1_222' title='bbox 2098 1553 2172 1600; x_wconf 85' lang='lat' dir='ltr'>de-</span> 
     </span>
     <span class='ocr_line' id='line_1_22' title="bbox 241 1618 2181 1688; baseline 0.002 -21"><span class='ocrx_word' id='word_1_223' title='bbox 241 1624 508 1688; x_wconf 78' lang='lat' dir='ltr'>scriptiones</span> <span class='ocrx_word' id='word_1_224' title='bbox 531 1618 695 1670; x_wconf 64' lang='lat' dir='ltr'>faRam</span> <span class='ocrx_word' id='word_1_225' title='bbox 706 1635 837 1682; x_wconf 86' lang='lat' dir='ltr'>quam</span> <span class='ocrx_word' id='word_1_226' title='bbox 859 1619 1042 1666; x_wconf 82' lang='lat' dir='ltr'>exhibet</span> <span class='ocrx_word' id='word_1_227' title='bbox 1063 1624 1096 1667; x_wconf 87' lang='lat' dir='ltr'>l.</span> <span class='ocrx_word' id='word_1_228' title='bbox 1111 1624 1153 1666; x_wconf 86' lang='grc' dir='ltr'><strong>Β.</strong></span> <span class='ocrx_word' id='word_1_229' title='bbox 1177 1622 1425 1668; x_wconf 86' lang='lat' dir='ltr'>Renoultus</span> <span class='ocrx_word' id='word_1_230' title='bbox 1450 1621 1650 1669; x_wconf 84' lang='lat' dir='ltr'>Historia</span> <span class='ocrx_word' id='word_1_231' title='bbox 1671 1622 1942 1668; x_wconf 85' lang='lat' dir='ltr'>Variationis</span> <span class='ocrx_word' id='word_1_232' title='bbox 1960 1618 2181 1671; x_wconf 77' lang='lat' dir='ltr'>Ecclefiae·</span> 
     </span>
     <span class='ocr_line' id='line_1_23' title="bbox 242 1685 2173 1753; baseline -0.002 -15"><span class='ocrx_word' id='word_1_233' title='bbox 242 1692 496 1742; x_wconf 82' lang='lat' dir='ltr'>Gallicanae</span> <span class='ocrx_word' id='word_1_234' title='bbox 520 1704 562 1750; x_wconf 85' lang='lat' dir='ltr'>p.</span> <span class='ocrx_word' id='word_1_235' title='bbox 581 1702 653 1748; x_wconf 82' lang='lat'>54.</span> <span class='ocrx_word' id='word_1_236' title='bbox 721 1688 847 1732; x_wconf 88' lang='lat' dir='ltr'>Hinc</span> <span class='ocrx_word' id='word_1_237' title='bbox 869 1704 966 1733; x_wconf 80' lang='lat' dir='ltr'>mos</span> <span class='ocrx_word' id='word_1_238' title='bbox 981 1685 1103 1733; x_wconf 87' lang='lat' dir='ltr'>castri</span> <span class='ocrx_word' id='word_1_239' title='bbox 1124 1686 1293 1735; x_wconf 81' lang='lat' dir='ltr'>doloris</span> <span class='ocrx_word' id='word_1_240' title='bbox 1313 1687 1494 1753; x_wconf 84' lang='lat' dir='ltr'>subquo</span> <span class='ocrx_word' id='word_1_241' title='bbox 1516 1691 1779 1751; x_wconf 87' lang='lat' dir='ltr'>Principum</span> <span class='ocrx_word' id='word_1_242' title='bbox 1800 1686 2173 1743; x_wconf 27' lang='lat' dir='ltr'>cadauera-solent</span> 
     </span>
     <span class='ocr_line' id='line_1_24' title="bbox 239 1753 2171 1826; baseline -0.001 -23"><span class='ocrx_word' id='word_1_243' title='bbox 239 1759 415 1826; x_wconf 79' lang='lat' dir='ltr'>Populo</span> <span class='ocrx_word' id='word_1_244' title='bbox 438 1753 631 1808; x_wconf 81' lang='lat' dir='ltr'>ostendi,</span> <span class='ocrx_word' id='word_1_245' title='bbox 668 1753 787 1801; x_wconf 77' lang='lat' dir='ltr'>italis</span> <span class='ocrx_word' id='word_1_246' title='bbox 807 1755 1045 1819; x_wconf 56' lang='lat' dir='ltr'>Carasalchi.</span> <span class='ocrx_word' id='word_1_247' title='bbox 1113 1760 1164 1803; x_wconf 84' lang='lat' dir='ltr'>In</span> <span class='ocrx_word' id='word_1_248' title='bbox 1185 1757 1281 1805; x_wconf 82' lang='lat' dir='ltr'>aliis</span> <span class='ocrx_word' id='word_1_249' title='bbox 1302 1758 1448 1803; x_wconf 87' lang='lat' dir='ltr'>numis</span> <span class='ocrx_word' id='word_1_250' title='bbox 1460 1756 1731 1820; x_wconf 80' lang='lat' dir='ltr'>exprimitur</span> <span class='ocrx_word' id='word_1_251' title='bbox 1786 1764 1831 1799; x_wconf 87' lang='lat' dir='ltr'>er</span> <span class='ocrx_word' id='word_1_252' title='bbox 1843 1770 2007 1815; x_wconf 81' lang='lat' dir='ltr'>rogum</span> <span class='ocrx_word' id='word_1_253' title='bbox 2029 1755 2075 1800; x_wconf 86' lang='lat' dir='ltr'>in</span> <span class='ocrx_word' id='word_1_254' title='bbox 2097 1770 2171 1801; x_wconf 68' lang='lat' dir='ltr'>eo«</span> 
     </span>
     <span class='ocr_line' id='line_1_25' title="bbox 240 1771 2168 1888; baseline -0.004 -12"><span class='ocrx_word' id='word_1_255' title='bbox 240 1830 406 1876; x_wconf 83' lang='lat' dir='ltr'>lumna.</span> <span class='ocrx_word' id='word_1_256' title='bbox 429 1824 546 1870; x_wconf 85' lang='lat' dir='ltr'>Vide</span> <span class='ocrx_word' id='word_1_257' title='bbox 567 1829 620 1871; x_wconf 85' lang='lat' dir='ltr'>A.</span> <span class='ocrx_word' id='word_1_258' title='bbox 647 1823 828 1869; x_wconf 88' lang='lat' dir='ltr'>Morell.</span> <span class='ocrx_word' id='word_1_259' title='bbox 846 1841 889 1887; x_wconf 88' lang='lat' dir='ltr'>p.</span> <span class='ocrx_word' id='word_1_260' title='bbox 916 1830 1022 1881; x_wconf 85' lang='lat'>198.</span> <span class='ocrx_word' id='word_1_261' title='bbox 1045 1820 1300 1888; x_wconf 80' lang='lat' dir='ltr'>speciminis</span> <span class='ocrx_word' id='word_1_262' title='bbox 1322 1821 1527 1870; x_wconf 81' lang='lat' dir='ltr'>numarii.</span> <span class='ocrx_word' id='word_1_263' title='bbox 1598 1825 1667 1868; x_wconf 88' lang='lat' dir='ltr'>De</span> <span class='ocrx_word' id='word_1_264' title='bbox 1684 1771 1855 1870; x_wconf 50' lang='lat' dir='ltr'>inglic&#39;i</span> <span class='ocrx_word' id='word_1_265' title='bbox 1872 1819 2168 1885; x_wconf 84' lang='lat' dir='ltr'>apotheoseos</span> 
     </span>
     <span class='ocr_line' id='line_1_26' title="bbox 239 1886 2065 1954; baseline -0.005 -10"><span class='ocrx_word' id='word_1_266' title='bbox 239 1897 456 1943; x_wconf 81' lang='lat' dir='ltr'>viuorum</span> <span class='ocrx_word' id='word_1_267' title='bbox 481 1893 601 1937; x_wconf 84' lang='lat' dir='ltr'>exitu</span> <span class='ocrx_word' id='word_1_268' title='bbox 622 1907 716 1954; x_wconf 83' lang='lat' dir='ltr'>pec.</span> <span class='ocrx_word' id='word_1_269' title='bbox 737 1905 1023 1939; x_wconf 85' lang='lat' dir='ltr'>commentat.</span> <span class='ocrx_word' id='word_1_270' title='bbox 1045 1893 1134 1952; x_wconf 83' lang='lat' dir='ltr'>egit</span> <span class='ocrx_word' id='word_1_271' title='bbox 1158 1895 1276 1940; x_wconf 80' lang='lat' dir='ltr'>Ioan.</span> <span class='ocrx_word' id='word_1_272' title='bbox 1299 1892 1472 1940; x_wconf 86' lang='lat' dir='ltr'>Ludov.</span> <span class='ocrx_word' id='word_1_273' title='bbox 1493 1886 1683 1938; x_wconf 81' lang='lat' dir='ltr'>Rudorf.</span> <span class='ocrx_word' id='word_1_274' title='bbox 1715 1887 1833 1954; x_wconf 84' lang='lat' dir='ltr'>Lips.</span> <span class='ocrx_word' id='word_1_275' title='bbox 1864 1903 2000 1949; x_wconf 74' lang='lat'>1747.</span> <span class='ocrx_word' id='word_1_276' title='bbox 2020 1904 2065 1945; x_wconf 84' lang='lat'>4.</span> 
     </span>
     <span class='ocr_line' id='line_1_27' title="bbox 382 1953 2171 2022; baseline -0.002 -15"><span class='ocrx_word' id='word_1_277' title='bbox 382 1962 545 2006; x_wconf 84' lang='lat' dir='ltr'>XXVI.</span> <span class='ocrx_word' id='word_1_278' title='bbox 615 1959 858 2004; x_wconf 82' lang='lat' dir='ltr'>Geminam</span> <span class='ocrx_word' id='word_1_279' title='bbox 891 1959 1022 2022; x_wconf 81' lang='lat' dir='ltr'>plane</span> <span class='ocrx_word' id='word_1_280' title='bbox 1045 1957 1366 2006; x_wconf 73' lang='lat' dir='ltr'>consecrationi</span> <span class='ocrx_word' id='word_1_281' title='bbox 1390 1957 1640 2007; x_wconf 85' lang='lat' dir='ltr'>Gentilium</span> <span class='ocrx_word' id='word_1_282' title='bbox 1663 1954 1746 2003; x_wconf 82' lang='lat' dir='ltr'>effe</span> <span class='ocrx_word' id='word_1_283' title='bbox 1767 1953 2171 2014; x_wconf 84' lang='lat' dir='ltr'>canonisationem,</span> 
     </span>
     <span class='ocr_line' id='line_1_28' title="bbox 249 2023 2173 2095; baseline -0.002 -20"><span class='ocrx_word' id='word_1_284' title='bbox 249 2046 383 2095; x_wconf 87' lang='lat' dir='ltr'>quam</span> <span class='ocrx_word' id='word_1_285' title='bbox 416 2040 603 2080; x_wconf 83' lang='lat' dir='ltr'>vocant,</span> <span class='ocrx_word' id='word_1_286' title='bbox 637 2023 903 2072; x_wconf 67' lang='lat' dir='ltr'>Sanstorum</span> <span class='ocrx_word' id='word_1_287' title='bbox 932 2027 980 2071; x_wconf 89' lang='lat' dir='ltr'>in</span> <span class='ocrx_word' id='word_1_288' title='bbox 1011 2024 1197 2073; x_wconf 72' lang='lat' dir='ltr'>Ecclesia</span> <span class='ocrx_word' id='word_1_289' title='bbox 1225 2030 1450 2079; x_wconf 82' lang='lat' dir='ltr'>Romana,</span> <span class='ocrx_word' id='word_1_290' title='bbox 1497 2025 1685 2071; x_wconf 78' lang='lat' dir='ltr'>declarat</span> <span class='ocrx_word' id='word_1_291' title='bbox 1714 2026 1768 2070; x_wconf 89' lang='lat' dir='ltr'>Io.</span> <span class='ocrx_word' id='word_1_292' title='bbox 1793 2023 2086 2089; x_wconf 60' lang='lat' dir='ltr'>&#39;Lasgbaerzi1is</span> <span class='ocrx_word' id='word_1_293' title='bbox 2117 2024 2173 2072; x_wconf 83' lang='lat' dir='ltr'>ad</span> 
     </span>
     <span class='ocr_line' id='line_1_29' title="bbox 249 2088 2241 2157; baseline -0.004 -10"><span class='ocrx_word' id='word_1_294' title='bbox 249 2098 513 2157; x_wconf 85' lang='lat' dir='ltr'>Longinum</span> <span class='ocrx_word' id='word_1_295' title='bbox 536 2111 579 2157; x_wconf 90' lang='lat' dir='ltr'>p.</span> <span class='ocrx_word' id='word_1_296' title='bbox 607 2106 712 2155; x_wconf 78' lang='lat'>124.</span> <span class='ocrx_word' id='word_1_297' title='bbox 734 2093 836 2139; x_wconf 88' lang='lat' dir='ltr'>edit.</span> <span class='ocrx_word' id='word_1_298' title='bbox 862 2096 944 2139; x_wconf 88' lang='lat' dir='ltr'>Iac.</span> <span class='ocrx_word' id='word_1_299' title='bbox 964 2092 1135 2146; x_wconf 87' lang='lat' dir='ltr'>Tollii,</span> <span class='ocrx_word' id='word_1_300' title='bbox 1171 2092 1391 2156; x_wconf 80' lang='lat' dir='ltr'>Hobbestus</span> <span class='ocrx_word' id='word_1_301' title='bbox 1417 2091 1530 2141; x_wconf 87' lang='lat' dir='ltr'>Hist.</span> <span class='ocrx_word' id='word_1_302' title='bbox 1550 2092 1665 2139; x_wconf 84' lang='lat' dir='ltr'>Eccl.</span> <span class='ocrx_word' id='word_1_303' title='bbox 1696 2088 1807 2138; x_wconf 89' lang='lat' dir='ltr'>vers.</span> <span class='ocrx_word' id='word_1_304' title='bbox 1837 2101 1976 2157; x_wconf 54' lang='lat'>¹43⁸</span> <span class='ocrx_word' id='word_1_305' title='bbox 2002 2089 2090 2154; x_wconf 77' lang='lat' dir='ltr'>seq.</span> <span class='ocrx_word' id='word_1_306' title='bbox 2128 2105 2173 2139; x_wconf 86' lang='lat' dir='ltr'>et</span> <span class='ocrx_word' id='word_1_307' title='bbox 2240 2148 2241 2152; x_wconf 10' lang='grc' dir='ltr'><strong>Ἰ</strong></span> 
     </span>
     <span class='ocr_line' id='line_1_30' title="bbox 249 2155 2241 2224; baseline -0.004 -10"><span class='ocrx_word' id='word_1_308' title='bbox 249 2161 504 2214; x_wconf 77' lang='lat' dir='ltr'>Muffardus</span> <span class='ocrx_word' id='word_1_309' title='bbox 540 2157 731 2224; x_wconf 82' lang='lat' dir='ltr'>scriptor</span> <span class='ocrx_word' id='word_1_310' title='bbox 752 2159 908 2206; x_wconf 86' lang='lat' dir='ltr'>Gallus</span> <span class='ocrx_word' id='word_1_311' title='bbox 926 2159 1190 2207; x_wconf 84' lang='lat' dir='ltr'>Collationis</span> <span class='ocrx_word' id='word_1_312' title='bbox 1215 2163 1586 2209; x_wconf 84' lang='lat' dir='ltr'>caerimoniarum</span> <span class='ocrx_word' id='word_1_313' title='bbox 1618 2175 1824 2207; x_wconf 88' lang='lat' dir='ltr'>veterum</span> <span class='ocrx_word' id='word_1_314' title='bbox 1855 2175 1903 2207; x_wconf 85' lang='lat' dir='ltr'>et</span> <span class='ocrx_word' id='word_1_315' title='bbox 1922 2160 2172 2211; x_wconf 84' lang='lat' dir='ltr'>recentium</span> <span class='ocrx_word' id='word_1_316' title='bbox 2240 2155 2241 2159; x_wconf 32' lang='lat'>¹</span> 
     </span>
     <span class='ocr_line' id='line_1_31' title="bbox 253 2223 2247 2292; baseline -0.003 -13"><span class='ocrx_word' id='word_1_317' title='bbox 253 2252 290 2282; x_wconf 87' lang='lat' dir='ltr'>c.</span> <span class='ocrx_word' id='word_1_318' title='bbox 316 2248 359 2292; x_wconf 94' lang='lat'>7.</span> <span class='ocrx_word' id='word_1_319' title='bbox 430 2233 536 2276; x_wconf 88' lang='lat' dir='ltr'>Hoc</span> <span class='ocrx_word' id='word_1_320' title='bbox 563 2243 711 2274; x_wconf 82' lang='lat' dir='ltr'>autem</span> <span class='ocrx_word' id='word_1_321' title='bbox 730 2226 867 2288; x_wconf 86' lang='lat' dir='ltr'>longe</span> <span class='ocrx_word' id='word_1_322' title='bbox 888 2228 1026 2288; x_wconf 87' lang='lat' dir='ltr'>magis</span> <span class='ocrx_word' id='word_1_323' title='bbox 1047 2231 1178 2277; x_wconf 87' lang='lat' dir='ltr'>etiam</span> <span class='ocrx_word' id='word_1_324' title='bbox 1200 2230 1389 2292; x_wconf 79' lang='lat' dir='ltr'>patebit,</span> <span class='ocrx_word' id='word_1_325' title='bbox 1421 2225 1450 2275; x_wconf 87' lang='lat' dir='ltr'><strong>fi</strong></span> <span class='ocrx_word' id='word_1_326' title='bbox 1471 2229 1706 2291; x_wconf 83' lang='lat' dir='ltr'>Vtriusque</span> <span class='ocrx_word' id='word_1_327' title='bbox 1727 2224 1911 2275; x_wconf 64' lang='lat' dir='ltr'>effestus</span> <span class='ocrx_word' id='word_1_328' title='bbox 1930 2242 1977 2286; x_wconf 15' lang='lat' dir='ltr'>*et</span> <span class='ocrx_word' id='word_1_329' title='bbox 1995 2223 2174 2281; x_wconf 81' lang='lat' dir='ltr'>caussae,</span> <span class='ocrx_word' id='word_1_330' title='bbox 2238 2241 2247 2274; x_wconf 67' lang='grc' dir='ltr'>ζ</span> 
     </span>
     <span class='ocr_line' id='line_1_32' title="bbox 249 2285 2177 2356; baseline -0.005 -7"><span class='ocrx_word' id='word_1_331' title='bbox 249 2316 295 2349; x_wconf 86' lang='lat' dir='ltr'>et</span> <span class='ocrx_word' id='word_1_332' title='bbox 315 2298 613 2346; x_wconf 82' lang='lat' dir='ltr'>caerimoniae</span> <span class='ocrx_word' id='word_1_333' title='bbox 634 2294 873 2356; x_wconf 82' lang='lat' dir='ltr'>diligenter</span> <span class='ocrx_word' id='word_1_334' title='bbox 894 2296 1013 2340; x_wconf 86' lang='lat' dir='ltr'>inter</span> <span class='ocrx_word' id='word_1_335' title='bbox 1034 2292 1077 2342; x_wconf 84' lang='lat' dir='ltr'>se</span> <span class='ocrx_word' id='word_1_336' title='bbox 1096 2294 1394 2344; x_wconf 83' lang='lat' dir='ltr'>conferantur.</span> <span class='ocrx_word' id='word_1_337' title='bbox 1464 2297 1611 2342; x_wconf 79' lang='lat' dir='ltr'>Prima</span> <span class='ocrx_word' id='word_1_338' title='bbox 1645 2285 1924 2345; x_wconf 62' lang='lat' dir='ltr'>Canoniiiitio</span> <span class='ocrx_word' id='word_1_339' title='bbox 1945 2290 2177 2342; x_wconf 82' lang='lat' dir='ltr'>sollemnis</span> 
     </span>
     <span class='ocr_line' id='line_1_33' title="bbox 252 2359 2176 2426; baseline -0.003 -11"><span class='ocrx_word' id='word_1_340' title='bbox 252 2366 332 2416; x_wconf 84' lang='lat' dir='ltr'>sub</span> <span class='ocrx_word' id='word_1_341' title='bbox 367 2367 534 2414; x_wconf 78' lang='lat' dir='ltr'>Ioanne</span> <span class='ocrx_word' id='word_1_342' title='bbox 552 2366 648 2408; x_wconf 79' lang='lat' dir='ltr'>XV.</span> <span class='ocrx_word' id='word_1_343' title='bbox 681 2359 845 2408; x_wconf 87' lang='lat' dir='ltr'>Pontif.</span> <span class='ocrx_word' id='word_1_344' title='bbox 874 2362 1032 2409; x_wconf 83' lang='lat' dir='ltr'>accidit</span> <span class='ocrx_word' id='word_1_345' title='bbox 1063 2368 1196 2410; x_wconf 86' lang='lat' dir='ltr'>Anno</span> <span class='ocrx_word' id='word_1_346' title='bbox 1232 2360 1340 2424; x_wconf 63' lang='lat'>993.</span> <span class='ocrx_word' id='word_1_347' title='bbox 1362 2365 1514 2426; x_wconf 87' lang='lat' dir='ltr'>quain</span> <span class='ocrx_word' id='word_1_348' title='bbox 1546 2363 1738 2410; x_wconf 88' lang='lat' dir='ltr'>concilio</span> <span class='ocrx_word' id='word_1_349' title='bbox 1762 2365 1967 2411; x_wconf 83' lang='lat' dir='ltr'>Romano</span> <span class='ocrx_word' id='word_1_350' title='bbox 1993 2359 2034 2391; x_wconf 82' lang='lat'>⁶¹</span> <span class='ocrx_word' id='word_1_351' title='bbox 2075 2359 2176 2425; x_wconf 88' lang='lat' dir='ltr'>post</span> 
     </span>
     <span class='ocr_line' id='line_1_34' title="bbox 252 2426 2176 2502; baseline -0.004 -20"><span class='ocrx_word' id='word_1_352' title='bbox 252 2430 530 2502; x_wconf 65' lang='lat' dir='ltr'>praele&amp;um</span> <span class='ocrx_word' id='word_1_353' title='bbox 552 2431 607 2476; x_wconf 87' lang='lat' dir='ltr'>de</span> <span class='ocrx_word' id='word_1_354' title='bbox 627 2431 720 2475; x_wconf 89' lang='lat' dir='ltr'>eius</span> <span class='ocrx_word' id='word_1_355' title='bbox 747 2431 837 2475; x_wconf 84' lang='lat' dir='ltr'>vita</span> <span class='ocrx_word' id='word_1_356' title='bbox 862 2444 905 2477; x_wconf 86' lang='lat' dir='ltr'>et</span> <span class='ocrx_word' id='word_1_357' title='bbox 926 2430 1150 2476; x_wconf 87' lang='lat' dir='ltr'>miraculis</span> <span class='ocrx_word' id='word_1_358' title='bbox 1168 2429 1370 2477; x_wconf 82' lang='lat' dir='ltr'>libellum</span> <span class='ocrx_word' id='word_1_359' title='bbox 1390 2431 1603 2478; x_wconf 73' lang='lat' dir='ltr'>aethereos</span> <span class='ocrx_word' id='word_1_360' title='bbox 1630 2435 1746 2478; x_wconf 77' lang='lat' dir='ltr'>inter</span> <span class='ocrx_word' id='word_1_361' title='bbox 1758 2444 1955 2495; x_wconf 75' lang='lat' dir='ltr'>proceres</span> <span class='ocrx_word' id='word_1_362' title='bbox 1962 2426 2176 2490; x_wconf 72' lang='lat' dir='ltr'>stn&#39;chlum-</span> 
     </span>
     <span class='ocr_line' id='line_1_35' title="bbox 256 2492 2240 2565; baseline 0.001 -18"><span class='ocrx_word' id='word_1_363' title='bbox 256 2502 540 2565; x_wconf 68' lang='lat' dir='ltr'>quesbnatum</span> <span class='ocrx_word' id='word_1_364' title='bbox 557 2496 719 2544; x_wconf 84' lang='lat' dir='ltr'>relatus</span> <span class='ocrx_word' id='word_1_365' title='bbox 742 2495 802 2543; x_wconf 89' lang='lat' dir='ltr'>est</span> <span class='ocrx_word' id='word_1_366' title='bbox 822 2500 860 2546; x_wconf 84' lang='lat' dir='ltr'>S.</span> <span class='ocrx_word' id='word_1_367' title='bbox 884 2497 1142 2554; x_wconf 84' lang='lat' dir='ltr'>Vdalricus,</span> <span class='ocrx_word' id='word_1_368' title='bbox 1178 2497 1456 2559; x_wconf 80' lang='lat' dir='ltr'>Augustanus</span> <span class='ocrx_word' id='word_1_369' title='bbox 1468 2495 1729 2562; x_wconf 82' lang='lat' dir='ltr'>Episcopus,</span> <span class='ocrx_word' id='word_1_370' title='bbox 1751 2501 1802 2544; x_wconf 85' lang='lat' dir='ltr'>A.</span> <span class='ocrx_word' id='word_1_371' title='bbox 1816 2498 1864 2543; x_wconf 88' lang='lat' dir='ltr'>C.</span> <span class='ocrx_word' id='word_1_372' title='bbox 1888 2504 1997 2555; x_wconf 80' lang='lat'><strong>873.</strong></span> <span class='ocrx_word' id='word_1_373' title='bbox 2020 2492 2176 2555; x_wconf 63' lang='lat' dir='ltr'>defun?</span> <span class='ocrx_word' id='word_1_374' title='bbox 2226 2514 2240 2536; x_wconf 86' lang='grc'>’-</span> 
     </span>
     <span class='ocr_line' id='line_1_36' title="bbox 255 2559 2227 2630; baseline -0.002 -17"><span class='ocrx_word' id='word_1_375' title='bbox 255 2569 375 2620; x_wconf 69' lang='lat' dir='ltr'>stus»,</span> <span class='ocrx_word' id='word_1_376' title='bbox 410 2565 672 2612; x_wconf 85' lang='lat' dir='ltr'>sollicitante</span> <span class='ocrx_word' id='word_1_377' title='bbox 702 2559 951 2617; x_wconf 81' lang='lat' dir='ltr'>LandulfO,</span> <span class='ocrx_word' id='word_1_378' title='bbox 999 2562 1253 2626; x_wconf 77' lang='lat' dir='ltr'>August-ano</span> <span class='ocrx_word' id='word_1_379' title='bbox 1289 2563 1526 2630; x_wconf 87' lang='lat' dir='ltr'>Episcopo.</span> <span class='ocrx_word' id='word_1_380' title='bbox 1596 2565 1713 2611; x_wconf 89' lang='lat' dir='ltr'>Vide</span> <span class='ocrx_word' id='word_1_381' title='bbox 1739 2566 1850 2609; x_wconf 88' lang='lat' dir='ltr'>Dan.</span> <span class='ocrx_word' id='word_1_382' title='bbox 1879 2562 2177 2626; x_wconf 82' lang='lat' dir='ltr'>Papebrochii</span> <span class='ocrx_word' id='word_1_383' title='bbox 2199 2576 2202 2580; x_wconf 83' lang='grc'><strong>’</strong></span> <span class='ocrx_word' id='word_1_384' title='bbox 2226 2570 2227 2574; x_wconf 77' lang='grc'>’</span> 
     </span>
     <span class='ocr_line' id='line_1_37' title="bbox 257 2625 2236 2698; baseline -0.003 -16"><span class='ocrx_word' id='word_1_385' title='bbox 257 2633 364 2682; x_wconf 82' lang='lat' dir='ltr'>Diff.</span> <span class='ocrx_word' id='word_1_386' title='bbox 387 2635 442 2680; x_wconf 84' lang='lat' dir='ltr'>de</span> <span class='ocrx_word' id='word_1_387' title='bbox 461 2633 758 2683; x_wconf 77' lang='lat' dir='ltr'>sollemnium</span> <span class='ocrx_word' id='word_1_388' title='bbox 776 2628 1173 2685; x_wconf 83' lang='lat' dir='ltr'>Canonisationum</span> <span class='ocrx_word' id='word_1_389' title='bbox 1193 2634 1332 2688; x_wconf 80' lang='lat' dir='ltr'>initiis</span> <span class='ocrx_word' id='word_1_390' title='bbox 1349 2649 1397 2680; x_wconf 82' lang='lat' dir='ltr'>ac</span> <span class='ocrx_word' id='word_1_391' title='bbox 1414 2628 1739 2698; x_wconf 73' lang='lat' dir='ltr'>progreffibus,</span> <span class='ocrx_word' id='word_1_392' title='bbox 1775 2625 1981 2694; x_wconf 82' lang='lat' dir='ltr'>insertam</span> <span class='ocrx_word' id='word_1_393' title='bbox 2003 2633 2177 2695; x_wconf 83' lang='lat' dir='ltr'>Propy·</span> <span class='ocrx_word' id='word_1_394' title='bbox 2234 2639 2236 2642; x_wconf 77' lang='grc'>’</span> 
     </span>
    </p>
   </div>
   <div class='ocr_carea' id='block_1_3' title="bbox 2080 2696 2242 2750">
    <p class='ocr_par' dir='ltr' id='par_1_3' title="bbox 2080 2696 2242 2750">
     <span class='ocr_line' id='line_1_38' title="bbox 2080 2696 2242 2750; baseline -0.006 -5"><span class='ocrx_word' id='word_1_395' title='bbox 2080 2697 2178 2750; x_wconf 67' lang='lat' dir='ltr'>laet)</span> <span class='ocrx_word' id='word_1_396' title='bbox 2236 2696 2242 2702; x_wconf 74' lang='grc'><em>“</em></span> 
     </span>
    </p>
   </div>
   <div class='ocr_carea' id='block_1_4' title="bbox 251 2783 2178 2902">
    <p class='ocr_par' dir='ltr' id='par_1_4' title="bbox 251 2783 2178 2902">
     <span class='ocr_line' id='line_1_39' title="bbox 317 2783 2178 2848; baseline 0.009 -35"><span class='ocrx_word' id='word_1_397' title='bbox 317 2787 359 2814; x_wconf 70' lang='grc' dir='ltr'>ει</span> <span class='ocrx_word' id='word_1_398' title='bbox 387 2786 450 2826; x_wconf 81' lang='lat' dir='ltr'>De</span> <span class='ocrx_word' id='word_1_399' title='bbox 471 2796 548 2836; x_wconf 90' lang='lat' dir='ltr'>quo</span> <span class='ocrx_word' id='word_1_400' title='bbox 569 2783 655 2847; x_wconf 74' lang='lat' dir='ltr'>yide</span> <span class='ocrx_word' id='word_1_401' title='bbox 676 2786 889 2829; x_wconf 73' lang='lat' dir='ltr'>Bullatium</span> <span class='ocrx_word' id='word_1_402' title='bbox 908 2800 1100 2842; x_wconf 84' lang='lat' dir='ltr'>magnum</span> <span class='ocrx_word' id='word_1_403' title='bbox 1116 2789 1260 2833; x_wconf 66' lang='lat' dir='ltr'>Luci-tii</span> <span class='ocrx_word' id='word_1_404' title='bbox 1275 2788 1492 2833; x_wconf 73' lang='lat' dir='ltr'>Cherubini</span> <span class='ocrx_word' id='word_1_405' title='bbox 1508 2789 1556 2830; x_wconf 87' lang='grc' dir='ltr'><strong>Τ.</strong></span> <span class='ocrx_word' id='word_1_406' title='bbox 1572 2799 1607 2833; x_wconf 71' lang='lat'>1,</span> <span class='ocrx_word' id='word_1_407' title='bbox 1625 2799 1664 2841; x_wconf 79' lang='lat' dir='ltr'>p-</span> <span class='ocrx_word' id='word_1_408' title='bbox 1680 2797 1747 2843; x_wconf 79' lang='lat'>44·</span> <span class='ocrx_word' id='word_1_409' title='bbox 1778 2787 1980 2833; x_wconf 76' lang='lat' dir='ltr'>Labbeum</span> <span class='ocrx_word' id='word_1_410' title='bbox 1995 2790 2045 2833; x_wconf 73' lang='grc' dir='ltr'><strong>Τ.</strong></span> <span class='ocrx_word' id='word_1_411' title='bbox 2055 2789 2118 2848; x_wconf 70' lang='lat' dir='ltr'>lX.</span> <span class='ocrx_word' id='word_1_412' title='bbox 2138 2804 2178 2848; x_wconf 63' lang='lat' dir='ltr'>p..</span> 
     </span>
     <span class='ocr_line' id='line_1_40' title="bbox 251 2839 2172 2902; baseline -0.021 -16"><span class='ocrx_word' id='word_1_413' title='bbox 251 2854 351 2902; x_wconf 76' lang='lat'>741.</span> <span class='ocrx_word' id='word_1_414' title='bbox 380 2852 418 2883; x_wconf 83' lang='lat' dir='ltr'>et</span> <span class='ocrx_word' id='word_1_415' title='bbox 433 2839 681 2881; x_wconf 64' lang='lat' dir='ltr'>Hardumum</span> <span class='ocrx_word' id='word_1_416' title='bbox 698 2841 749 2878; x_wconf 83' lang='lat' dir='ltr'>T.</span> <span class='ocrx_word' id='word_1_417' title='bbox 768 2842 833 2880; x_wconf 87' lang='lat' dir='ltr'>V1.</span> <span class='ocrx_word' id='word_1_418' title='bbox 853 2856 892 2895; x_wconf 75' lang='lat' dir='ltr'>p,</span> <span class='ocrx_word' id='word_1_419' title='bbox 914 2851 1012 2898; x_wconf 70' lang='lat'>727,</span> <span class='ocrx_word' id='word_1_420' title='bbox 1431 2862 1435 2866; x_wconf 89' lang='grc'>,</span> <span class='ocrx_word' id='word_1_421' title='bbox 1543 2876 1546 2879; x_wconf 30' lang='grc' dir='ltr'>Ι</span> <span class='ocrx_word' id='word_1_422' title='bbox 1699 2852 1702 2855; x_wconf 94' lang='grc'><em>,</em></span> <span class='ocrx_word' id='word_1_423' title='bbox 1783 2868 1787 2873; x_wconf 36' lang='grc' dir='ltr'>Ι</span> <span class='ocrx_word' id='word_1_424' title='bbox 2157 2859 2172 2871; x_wconf 52' lang='grc'><strong>.</strong></span> 
     </span>
    </p>
   </div>
  </div>
 </body>
</html>
