2263 3027
199 107 299 162 74⁶
477 92 624 149 CAP.
658 91 767 148 xv.
843 85 1192 150 concina
1231 93 1846 153 CHRISTIANORVM.

196 239 335 274 mano
357 238 400 273 et
421 225 673 277 Canonico‚
716 241 798 273 nec
830 241 924 273 non
950 241 1110 274 eornm
1133 223 1379 295 ‘progressu
1403 226 1449 272 in
1479 221 1633 273 forum
1656 224 1913 275 Romanum
1940 227 2140 280 conferta

196 307 271 339 tur
298 291 475 339 Christi.
522 290 739 340 Godfridi
770 291 1029 341 Hofinanni
1059 291 1298 346 differt-atio
1331 295 1471 343 Halae
1509 304 1633 355 1716
1661 296 1791 343 edita.
1891 296 2140 347 Historiam

195 363 576 424 prouocationum
612 377 654 407 et
684 355 1051 427 appellationunr
1073 365 1189 429 apud
1228 379 1402 411 veteres
1444 365 1672 410 Romanos
1710 365 2024 428 exponendam
2063 364 2143 412 sibi

198 424 357 475 sumfit'
392 426 568 475 Christi.
599 431 737 476 Wilh.
771 429 981 485 Kiistner,
1028 434 1151 479 cuius
1190 429 1415 496 specimen
1437 426 1638 495 primurn
1659 433 1830 496 prodiit
1853 430 1969 496 Lips.
2003 447 2142 495 1740.

196 497 283 542 Cui
303 497 440 558 iunge
462 500 616 544 Franc.
638 501 734 544 Car.
757 499 962 546 Conradi
993 500 1060 546 ius
1097 503 1476 564 prouocationum
1500 517 1554 546 ex
1581 502 1841 562 antiquitate
1875 503 1924 547 R.
1949 507 2164 548 erutum.‘

193 559 317 627 Lips.
353 578 491 624 1732.
520 581 563 627 4.
633 570 701 612 De
727 563 809 613 vsu
837 565 1114 631 pisturarum
1147 569 1194 614 in
1229 568 1403 615 iudiciis
1431 562 1549 632 apud
1589 571 1818 614 Romanos
1859 565 2143 616 conieRurae

195 631 397 679 eiusdem
430 633 627 680 Conradi
659 630 845 682 insertae
873 633 972 683 sunt
1002 633 1127 683 Misc.
1158 633 1277 700 Lips.
1300 637 1431 681 nouis
1457 635 1560 682 Vol.
1584 646 1624 685 6.
1661 653 1760 700 pag.
1790 633 2004 698 511qu.
2073 639 2144 683 De

194 699 422 754 conciliis,
461 701 759 749 conuentibus
788 703 830 752 et
852 699 965 749 foris
987 706 1298 754 Romanorum
1331 706 1376 748 in
1407 703 1531 749 Italia
1553 718 1595 749 et
1619 704 1868 749 Prouinciis
1889 700 2144 750 consulatur

194 763 418 814 Onufrius
445 771 685 816 Panninius
709 773 765 817 ΙΙ.
797 783 861 821 20
881 768 973 834 sqq.
1006 773 1213 835 antiquit.
1238 770 1580 817 Veronensium.
1650 775 1719 817 De
1751 787 1879 818 more
1909 768 2036 817 testes
2060 776 2144 835 Per

2252 240 2263 261 A

193 850 320 881 aures
361 836 598 894 trahendi,
652 837 908 886 Fridericus
937 839 1305 900 Lindenbrogius
1337 838 1390 884 ad
1429 839 1631 885 codicem
1669 840 1823 899 legum
1858 841 2144 902 antiquarum
2224 885 2225 890 ,

190 918 294 967 pag.
326 906 453 964 1360
472 901 532 967 sq.
599 908 721 952 Ioan.
743 906 864 954 Frid.
891 905 1107 953 Christius
1130 905 1267 953 Νοξὲ.
1292 907 1425 954 Acad.
1457 923 1555 970 pag.
1580 914 1676 961 280
1699 905 1791 970 sqq.
1826 921 1867 952 et
1891 909 1972 952 Iac.
1997 911 2144 955 Henr.

191 974 317 1018 Born
336 971 383 1017 in
407 969 568 1018 differt.
589 971 644 1019 de
669 972 957 1037 antestatione
987 976 1034 1020 in
1062 977 1129 1020 ius
1157 976 1417 1020 vocantium
1443 973 1560 1038 apud
1584 976 1826 1021 Romanos,
1849 971 1970 1038 Lipf.
2001 990 2143 1036 1737.

190 1037 324 1085 Adde
351 1040 409 1085 Io.
432 1039 545 1086 Phil.
567 1039 785 1101 Sleuogtii
809 1039 901 1089 diff.
931 1041 985 1087 de
1009 1043 1053 1087 in
1079 1043 1146 1087 ius
1175 1043 1413 1087 vocatione
1441 1043 1620 1103 antiqua
1643 1057 1685 1088 et
1718 1059 1848 1088 noua.
1874 1043 1964 1090 len.
2000 1057 2141 1101 1705·

190 1107 263 1152 De
284 1107 760 1171 comperendinatione
786 1106 964 1159 consule
988 1111 1052 1167 M.
1076 1114 1183 1157 Ant.
1203 1110 1394 1155 Ferrarii
1418 1107 1603 1172 Epistol.
1626 1126 1725 1173 pag.
1755 1113 1814 1166 36
1837 1107 1929 1173 sqq.
1953 1126 1995 1156 et
2022 1113 2145 1159 ioan.

191 1172 297 1222 Alb.
318 1173 474 1237 Spiesii
497 1172 660 1223 differt.
683 1172 803 1238 Lips.
836 1183 970 1235 1728.
1044 1178 1113 1222 De
1146 1176 1481 1221 commentariis
1512 1174 1713 1235 aPtorum
1736 1192 1943 1223 veterum
1969 1180 2015 1223 in
2037 1174 2144 1224 foro

191 1240 468 1302 litigantium
502 1241 682 1290 Christi.
722 1242 842 1291 God.
876 1240 1103 1290 Grabneri
1134 1239 1429 1307 differt.Lips.
1449 1252 1594 1304 1738.
1663 1246 1734 1289 De
1753 1244 1963 1290 tribunali
1987 1245 2144 1292 viden-

193 1308 278 1355 dus
301 1309 627 1360 Chimentellus
650 1309 704 1357 de
727 1311 905 1363 honore
934 1308 1107 1360 bisellii.
1179 1310 1375 1365 Polletus
1396 1310 1473 1356 lib.
1498 1314 1569 1357 cit.
1592 1328 1626 1360 c.
1643 1317 1688 1358 6.
1748 1312 1888 1374 Qod
1909 1314 2143 1359 Vitruuius

192 1391 524 1428 commemorat
549 1377 746 1424 tribunal
765 1378 816 1425 ab
839 1395 917 1432 eo,
954 1395 1045 1442 quo
1070 1377 1348 1440 magistratus
1369 1393 1624 1440 vterentur,
1664 1377 1891 1427 diuersum
1912 1377 2010 1433 effe,
2045 1397 2144 1426 mo.

190 1459 267 1491 net
298 1443 563 1493 acutiffimus
598 1445 773 1495 Ernesti
799 1448 846 1492 in
878 1447 990 1493 claui
1029 1448 1346 1503 Ciceroniana,
1391 1463 1505 1492 voce
1540 1444 1760 1494 Tribztnal.
1830 1451 1900 1496 De
1929 1445 2141 1512 sportulis

192 1512 397 1562 iudicum
418 1514 612 1559 Polletus
633 1514 711 1561 lib.
739 1531 778 1575 5.
802 1531 894 1578 cap.
924 1530 941 1561 Ι
959 1530 995 1561 1.
1016 1530 1060 1561 et
1079 1515 1254 1562 Frider.
1276 1520 1392 1576 Aug.
1415 1515 1570 1560 Iunius
1590 1516 1639 1561 in
1662 1515 1998 1578 antiquitatibus·
2018 1511 2142 1579 spor-

188 1580 386 1631 tularum
406 1582 525 1645 apud
544 1584 774 1635 Romanos
799 1582 1173 1645 quotidianarum.
1196 1579 1315 1646 Lips.
1344 1597 1483 1642 1745.
1508 1596 1552 1643 4.
1573 1585 1608 1642 ᾧ.
1633 1591 1674 1631 6.
1695 1600 1793 1647 pag.
1814 1597 1885 1641 ¹4·
1956 1586 2025 1628 De
2045 1581 2143 1647 sup-
2216 1604 2236 1629 s

189 1648 364 1711 plicum
387 1647 521 1711 {ignis
545 1650 663 1714 apud
685 1666 857 1700 veteres
884 1653 948 1698 10.
973 1650 1147 1696 Paullus
1171 1650 1411 1704 Reinhard.
1432 1651 1649 1716 Eri-angae
1673 1666 1817 1713 1744.
1893 1652 2143 1714 Scriptores

192 1715 250 1761 de
272 1717 448 1763 iudiciis
468 1721 676 1764 veterum
697 1721 1036 1765 Germanorum
1057 1719 1203 1781 plenis
1226 1717 1405 1764 calathis
1430 1718 1575 1764 attulit
1618 1721 1674 1765 V.
1711 1721 1758 1767 C.
1796 1716 1988 1766 Gottlob
2021 1722 2139 1780 Aug.

192 1783 409 1832 Ienichen
428 1788 474 1833 P.
503 1800 543 1834 1.
567 1784 871 1834 Bibliothecae
905 1786 1119 1836 iuridicac
1141 1787 1416 1853 Lipenianae
1446 1800 1492 1848 p.
1515 1787 1630 1845 676.

331 1920 454 1967 XIII.
492 1922 562 1966 De
583 1923 744 1985 primis
765 1922 1027 1970 Christianis
1049 1922 1210 1968 iudicia
1229 1922 1530 1968 Etlmicorum
1560 1919 1895 1983 magistratuum
1923 1935 1977 1966 ex
2000 1917 2140 1968 consi-
2216 1933 2231 1941 “

192 1984 256 2029 lio
281 1986 420 2031 Paulli
442 1986 647 2049 Apostoli
667 1987 945 2050 fugientibus
969 1989 1206 2035 videantur
1231 1991 1499 2052 interpretes
1529 1989 1582 2034 ad
1613 2007 1627 2037 1
1657 1993 1762 2036 Cor.
1791 1997 1831 2037 6.
1901 1991 1965 2035 Io.
1985 1989 2139 2035 Selde-

192 2068 277 2098 nus
298 2052 374 2100 lib.
397 2066 437 2102 2.
463 2054 518 2102 de
541 2056 772 2117 Synedriis
801 2056 1080 2103 Ebraeorum
1099 2074 1191 2121 cap.
1212 2072 1254 2118 7.
1326 2055 1583 2120 christoph.
1612 2057 1805 2104 Wollius
1833 2055 1887 2101 de
1907 2055 2138 2102 tribunali·

189 2118 275 2166 bus
294 2118 585 2184 profanarum
610 2125 810 2184 gentium
828 2122 1004 2169 Christo
1026 2125 1207 2188 eiusque
1229 2124 1380 2185 legatis
1405 2127 1565 2170 merito
1589 2122 1767 2170 odiosis.
1786 2119 1905 2186 Lips.
1935 2138 2019 2184 175
2037 2143 2070 2169 1.
2091 2140 2139 2186 4.
2210 2123 2217 2132 ⁸

134 2242 140 2249 ,
193 2201 238 2234 et
262 2186 500 2234 Christiani
527 2190 802 2236 Weisrnanni
825 2188 1065 2238 dissertatio
1088 2192 1142 2238 de
1170 2190 1498 2256 compromiffis
1520 2189 1877 2239 Christianorum
1900 2187 2006 2242 foro
2031 2208 2138 2252 gen·
2204 2182 2216 2193 ⁰

193 2254 265 2302 tili
286 2252 608 2319 praeferendis.
638 2257 877 2320 Tubingae
905 2274 1063 2317 1732„
1118 2260 1286 2307 Iudices
1319 2262 1465 2322 itaque
1498 2259 1857 2306 Christianorum
1887 2274 2011 2304 erant
2033 2260 2140 2322 Epi·
2216 2272 2221 2277 ’

194 2320 332 2387 scopi,
367 2339 527 2371 norma
551 2323 639 2371 fiue
660 2326 808 2387 regula
831 2327 1105 2373 iudiciorum
1128 2325 1527 2374 Ecclesiasticorum
1551 2325 1692 2374 sacrae
1717 2327 1908 2379 litterae,
1945 2330 2139 2388 aequitas
2201 2374 2207 2382 ,

196 2390 408 2436 naturalis
428 2406 470 2437 et
484 2391 647 2439 deinde
663 2410 853 2440 canones
873 2409 1004 2456 atque
1025 2395 1223 2441 concilia.
1260 2398 1495 2442 Canonuin
1520 2393 1727 2443 eolleffio
1749 2387 2041 2457 antiquissima
2063 2392 2137 2448 est,
2214 2399 2216 2402 ’

199 2474 311 2520 quae
327 2458 464 2520 vulgo
477 2456 555 2506 sub
571 2477 794 2507 canonum
807 2460 1173 2526 Apostolicorum
1187 2464 1372 2509 nomine
1389 2462 1604 2519 fertur-‚et
1617 2460 1953 2510 constitutiones
1968 2462 2140 2525 aposto-

197 2524 321 2577 licae,
342 2541 391 2571 vt
411 2542 630 2574 vocantur
645 2529 844 2590 vulgatae
860 2526 937 2575 sub
963 2531 1149 2576 nomine
1163 2530 1406 2577 Clementis
1420 2533 1627 2585 Romani,
1652 2547 1761 2593 quae
1778 2525 2012 2575 nouiffime
2037 2546 2140 2576 cum
2160 2582 2164 2586 .

199 2593 319 2637 notis
334 2596 547 2641 Cotelerii
569 2611 612 2643 et
637 2596 799 2644 Clerici
823 2594 996 2644 recusae
1017 2595 1116 2644 sunt
1142 2599 1188 2643 in
1209 2597 1401 2645 eiusdem
1418 2600 1629 2646 Cotelerii
1643 2595 1840 2644 Patribus
1855 2595 2137 2659 Apostolicis,

199 2655 445 2706 Arnstelod.
472 2675 615 2728 1724.
636 2660 717 2711 fol.
748 2665 851 2717 Vol.
872 2680 907 2715 1.
927 2682 973 2732 p.
994 2679 1084 2717 201
1115 2662 1207 2731 sqq.
1277 2667 1400 2716 Alias
1420 2683 1647 2739 canonum
1667 2660 1955 2716 colleffiones
1980 2665 2135 2712 editio·
2202 2705 2207 2711 .
2251 2690 2254 2701 ‹

1969 2749 2138 2799 nesque
