2263 3027
232 97 331 148 662
789 86 1096 154 Cquxnr,
1163 87 1256 140 DE
1290 83 1643 142 DiACONis

233 217 451 269 matronis
464 227 601 263 aetate
611 212 841 280 prenestis
852 214 1014 280 quibus
1026 216 1203 280 neg-otia
1214 216 1429 280 quaedam
1441 230 1620 264 externa
1631 216 1939 282 pauperesque
1946 232 1993 274 >et:
2001 223 2173 283 aegroti

232 289 286 339 ab
313 283 497 334 Ecclesia
518 282 703 331 curandi
721 282 1133 351 committebantur,
1161 279 1502 351 (ἂρεσβότιδας
1520 300 1651 331 vocat
1664 283 1905 350 Apostolus
1925 288 2020 334 Tit.
2041 291 2098 336 11.
2129 303 2167 348 3.

232 354 444 405 nonnulli
463 355 596 399 etiam
616 347 982 417 πρεσβυτεξίὸας
1001 353 1252 399 Fet-raudus
1269 355 1494 400 Diaconus
1517 354 1666 400 viduas
1681 354 1893 414 seniores)
1917 354 2023 400 vide
2047 357 2164 402 Gro-

232 427 345 472 tium
368 420 420 467 ad
441 420 554 466 Phil.
579 423 654 465 IV.
683 436 720 482 3.
746 421 1047 466 Suicerumin
1071 419 1342 484 πρεσβύτης,
1366 420 1615 467 Samuelem
1628 419 1816 484 Basnage
1830 422 1990 468 Annal.
2011 438 2171 470 roma.

234 509 279 557 p.
302 506 414 548 452.
482 487 674 534 Coteler.
698 488 751 533 ad
789 486 1010 534 constitut.
1030 485 1230 552 Apostol.
1257 489 1336 536 111.
1372 504 1414 548 9.
1488 486 1809 551 wolfgangum
1839 488 2172 551 Gundlingium

231 559 431 621 aliosque
454 557 578 602 viros
597 553 756 602 ἀοᾶοε
781 556 834 602 ad
858 558 959 616 Cen.
985 557 1320 607 XI.'Laodiccn.
1354 555 1432 601 vbi
1466 555 1755 619 Presbyterae
1783 555 1871 603 fiue
1901 572 1951 602 vt
1979 555 2170 604 Ilidorus

231 631 462 675 Mercator
492 623 684 688 appellat
714 624 1037 670 wzacriculariae
1059 622 1267 669 constitui
1288 622 1612 686 prohibentur,
1651 640 1691 670 et
1711 625 1925 671 Matthias
1950 627 2173 671 Zimmer-
2215 613 2219 618 ⁵

234 711 426 742 mannus
449 692 832 756 Superintendens
854 688 1113 737 Misenensis
1132 691 1249 737 libro
1270 690 1478 753 lingulati
1499 693 1554 738 de
1578 691 1854 755 Presbyteris
1873 707 1916 738 et
1940 691 2173 755 Presbyte-

231 760 354 813 riffis,
382 758 660 821 Annaeberg.
697 769 831 815 1681.
856 775 901 821 4.
924 761 1132 822 inprimis
1152 777 1173 804 a
1195 776 1236 822 p.
1262 770 1336 816 48.
1361 758 1439 805 vbi
1460 759 1833 822 Presbyterorum
1856 761 1986 806 etiam
2008 776 2172 807 vxores

231 828 516 894 Presbyter-as
559 844 609 873 vt
653 825 970 892 episcoporum
1013 824 1240 890 episcopas
1260 860 1271 878 ,
1328 825 1463 874 dietas
1506 824 1732 879 obsemar,
1775 841 1817 873 et
1849 843 1892 890 p.
1913 836 1992 885 78.
2018 826 2097 872 vbi
2117 827 2173 874 dle

230 896 617 960 Presbyterim-um
648 895 941 957 abrogatione
965 927 981 954 ‚
1028 911 1070 941 et
1097 895 1332 959 quomodo
1369 912 1391 942 a
1421 892 1667 942 diaconistis
1689 928 1701 949 ‚
1747 911 1858 959 quac
1888 891 2016 959 saepe
2047 909 2172 942 erant

231 967 432 1028 virgines
455 959 705 1010 differrent.

240 1153 242 1155 ,
362 1100 484 1147 XIV.
513 1100 582 1144 De
619 1097 853 1148 Diaconis,
900 1096 1009 1159 (qui
1039 1092 1253 1159 Episcopi
1282 1092 1424 1154 οἶκὲη,
1472 1094 1749 1161 ὄφθαλμός,
1786 1095 1908 1162 ςὸμω
1947 1098 2173 1151 dicuntur,

229 1167 336 1215 vide
359 1167 632 1214 Cotelerium
654 1166 707 1209 ad
729 1161 962 1209 Constitut.
990 1161 1192 1226 Apostol.
1219 1165 1273 1208 11.
1295 1169 1401 1223 44.)
1437 1162 1607 1209 consuli
1635 1179 1850 1226 poterunt
1886 1170 1929 1213 Β.
1961 1169 2016 1211 D.
2047 1161 2172 1227 Casp.

229 1235 428 1298 Ziegleri
447 1233 562 1280 liber
585 1233 637 1277 de
665 1232 878 1277 Diaconis
902 1245 945 1276 et
968 1227 1229 1276 Diaconiffis
1251 1232 1416 1276 veteris
1437 1228 1652 1287 Ecclesiae
1663 1232 1827 1278 Witeb.
1848 1242 1931 1290 ¹67
1943 1240 1984 1286 8.
2006 1249 2051 1295 4.
2073 1235 2176 1278 Mo-

228 1305 354 1351 rinus
373 1317 486 1366 part.
512 1316 551 1360 3.
575 1301 730 1344 Exere
748 1315 788 1354 9.
812 1298 868 1344 cle
892 1294 1021 1344 sacris
1043 1299 1150 1344 Ord.
1177 1313 1219 1344 et
1239 1301 1305 1346 Io,
1321 1295 1550 1355 Pearsonii
1567 1295 1780 1345 leffiones
1800 1299 1852 1352 ad
1875 1297 1966 1344 aaa
1985 1297 2174 1362 Aposto-

229 1370 384 1418 lorum
408 1386 452 1434 p.
478 1385 535 1430 53
561 1364 622 1431 sq.
692 1369 808 1412 Sam.
838 1363 1029 1428 Basnage
1059 1367 1124 1413 ad‘
1143 1372 1195 1413 A.
1228 1381 1301 1426 35.
1333 1383 1373 1412 n.
1398 1372 1424 1421 8
1445 1394 1456 1400 ·
1478 1380 1532 1426 13
1565 1381 1607 1412 et
1630 1367 1877 1414 Menardus
1903 1383 1947 1430 p.
1973 1373 2067 1424 287
2089 1362 2178 1429 seq.

228 1437 284 1485 ad
306 1438 521 1499 Gregorii
547 1439 613 1483 M.
637 1436 1054 1484 sacramentarium.
1129 1436 1399 1498 Campegius
1433 1435 1640 1495 Vitringa
1673 1435 1720 1480 in
1744 1437 1981 1497 Synagoga
2012 1437 2178 1480 Vetere

226 1505 307 1554 lib.
337 1519 379 1564 3.
415 1522 450 1551 c.
482 1518 557 1554 21.
587 1516 669 1554 22.
702 1519 777 1565 23.
809 1501 886 1548 vbi
920 1500 1152 1550 ministros
1185 1505 1526 1564 Synagogarum
1559 1502 1837 1548 Iudaicarum
1870 1497 2046 1549 confert
2073 1516 2176 1547 cum

230 1574 446 1621 Diaconis
465 1569 680 1619 Ecclesiae
702 1568 999 1634 Christianae,
1035 1569 1420 1633 quemadmodum
1439 1567 1691 1634 praefcfflos
1710 1573 2049 1633 Synagogarum
2073 1584 2178 1616 cum

227 1640 506 1705 Presbyteris
529 1654 572 1686 et
593 1636 855 1702 Praepofitis
879 1635 1143 1684 Christianis
1167 1640 1285 1685 loan.
1307 1640 1462 1684 Franc.
1485 1637 1692 1684 Buddeus
1713 1636 1929 1684 Ecclesiae
1948 1635 2174 1700 ΑΡοίέοΙὶ·Ι

229 1725 304 1757 cae
323 1726 366 1773 p.
389 1716 502 1768 748.
574 1707 678 1753 Nic.
693 1706 1208 1766 Hieron.Gundlingius
1228 1708 1276 1750 in
1289 1705 1639 1766 Gundlingianis
1655 1719 1783 1767 parte
1812 1721 1828 1751 1
1845 1723 1882 1750 1.
1901 1720 1946 1766 p.
1970 1709 2056 1750 126
2079 1698 2174 1763 sqq.

229 1790 272 1823 et
291 1773 467 1838 Ioseph.
493 1774 767 1835 Binghamus
803 1775 982 1835 Origin.
1023 1770 1302 1819 Ecclefiastic.
1338 1769 1416 1817 lib.
1439 1784 1482 1818 2.
1513 1786 1558 1827 ρ.
1593 1783 1672 1818 20.
1743 1770 1972 1815 Diaconos
1999 1765 2172 1832 septem

228 1857 483 1891 memorant
506 1840 597 1887 aEta
620 1839 943 1903 Apostolorum
968 1859 1004 1888 c.
1033 1850 1075 1890 6.
1146 1841 1215 1885 Sic
1245 1839 1415 1883 Romae
1445 1838 1548 1883 VII.
1579 1837 1804 1882 Diaconos
1833 1834 1962 1882 fuisse
1992 1835 2171 1882 testatur

228 1915 507 1957 Sozomenus
526 1907 603 1954 lib.
626 1912 725 1953 VII.
761 1923 828 1963 19.
855 1908 966 1954 adde
998 1906 1291 1953 Edmundum
1317 1907 1522 1950 Martene
1554 1903 1629 1949 lib.
1659 1918 1698 1950 1.
1724 1904 1779 1949 de
1809 1905 2002 1966 antiquis
2020 1903 2168 1949 Eccle-

227 1977 310 2026 fiae
341 1976 501 2024 ritibus
532 1992 579 2039 p.
616 1983 707 2031 328
737 1969 798 2036 sq.
867 1978 907 2020 S.
930 1975 1185 2020 Maximum
1220 1972 1274 2025 ad
1293 1969 1564 2033 Dionylium
1585 1973 1645 2019 T.
1678 1988 1712 2019 1.
1736 1988 1784 2034 p.
1814 1986 1923 2033 305.
1994 1967 2171 2035 Ioseph.

228 2046 559 2095 Vicecomitem
588 2042 646 2088 de
679 2041 838 2086 ritibus
868 2039 1017 2088 miffae
1045 2039 1121 2085 lib.
1156 2056 1189 2086 1.
1214 2055 1246 2085 c.
1273 2055 1346 2085 20.
1377 2053 1419 2084 et
1454 2038 1568 2084 Dan.
1601 2038 1723 2085 Guil.
1754 2039 2004 2084 Mollerum
2033 2038 2087 2084 de
2108 2035 2169 2084 se-

224 2129 353 2182 Ptem
375 2113 536 2178 primis
559 2108 772 2156 Diaconis
799 2106 1023 2154 Ecclesiae.
1059 2103 1239 2153 Altorfii
1274 2114 1412 2165 1696.
1451 2110 1599 2168 Qicm
1620 2122 1863 2153 numerum
1885 2110 2028 2153 Henr.
2048 2105 2193 2151 Dod--

227 2182 387 2233 wellus
419 2182 464 2226 in
494 2177 611 2224 libro
645 2175 834 2236 Anglice
862 2175 983 2221 edito
1021 2174 1076 2222 de
1104 2190 1197 2220 vno
1220 2174 1454 2219 Sacerdote
1484 2189 1526 2219 et
1560 2190 1650 2219 vno
1685 2174 1810 2219 altari
1837 2191 1871 2220 ci
1899 2191 1970 2221 12.
2005 2174 2170 2236 repetit

228 2267 252 2298 a
268 2253 355 2297 VII
371 2246 556 2310 Angelis
569 2238 837 2309 Apocalyps.
852 2246 885 2292 Ι.
911 2257 980 2290 12.
1060 2246 1190 2288 Aetas
1203 2243 1510 2287 Diaconorum
1537 2239 1723 2287 debebat
1745 2238 1829 2300 effe
1849 2256 2069 2287 annorum
2087 2256 2166 2297 25.

226 2333 279 2367 Vt
303 2309 465 2382 probat
501 2313 684 2360 Allatius
711 2327 755 2376 p.
787 2322 845 2372 37
875 2306 937 2372 sq.
972 2308 1027 2355 de
1056 2324 1193 2355 aetate
1224 2309 1466 2355 Ordinum.
1536 2309 1737 2355 Philoteci
1765 2310 1879 2356 CPol.
1903 2307 2016 2354 ordo
2048 2305 2167 2353 insti-

227 2386 384 2438 tuendi
413 2385 666 2430 Diaconum
702 2379 865 2440 legitur
896 2380 958 2426 T.
987 2386 1064 2427 26.
1093 2375 1337 2425 Bibl.P·.1tr.
1372 2377 1514 2439 Lugd.
1545 2393 1588 2440 p.
1615 2389 1724 2438 214.
1793 2375 2003 2422 Diaconis
2032 2376 2166 2421 etiam

227 2451 404 2501 absente
433 2445 658 2515 Episcopo
692 2461 735 2494 et
764 2443 1031 2508 Presbytero
1063 2440 1261 2491 concessa
1292 2441 1376 2490 fuit
1405 2445 1595 2490 clauium
1631 2442 1831 2508 potestas.
1902 2441 2018 2487 Vide
2051 2458 2166 2504 quae

230 2520 285 2567 ad
312 2521 462 2567 locum
494 2521 533 2564 S.
556 2516 775 2580 Cypriani
805 2510 1003 2578 Epistola
1033 2522 1087 2563 18
1125 2509 1315 2575 disputat
1341 2509 1511 2559 Aufi’tor
1533 2513 1651 2557 vitae
1674 2511 1794 2556 illius
1818 2509 1988 2556 Gallice
2024 2510 2165 2557 editae

232 2583 324 2634 diss.
357 2603 392 2634 1.
466 2590 633 2633 Contra
661 2582 901 2644 Facidium*
921 2581 1134 2642 diaconos
1162 2579 1438 2644 presbyteris
1469 2595 1657 2642 aequare
1689 2577 1978 2641 incipientem
2002 2578 2166 2625 Hiero·
2235 2575 2237 2578 ’

230 2669 398 2714 nymus
416 2651 551 2713 Epist.
583 2661 657 2709 ὃς.
681 2651 735 2697 ad
760 2651 1027 2711 Euagrium,
1067 2663 1110 2696 et
1131 2646 1402 2709 Augustinus
1424 2646 1595 2711 Quest.
1629 2661 1732 2693 101.
1756 2647 1810 2695 V.
1830 2659 1872 2690 et
1893 2647 1953 2689 N.
1973 2648 2032 2693 T.
2094 2649 2164 2693 De

231 2716 516 2774 Diaconiffis,
550 2735 661 2783 quae
682 2732 784 2769 ante
814 2734 985 2771 annum
1008 2719 1156 2767 aetatis
1176 2720 1259 2780 40,
1282 2716 1354 2766 vel
1377 2725 1456 2775 60,
1482 2711 1728 2764 secundum
1748 2712 2022 2763 v1'Timoth.
2046 2717 2101 2763 V.
2115 2712 2163 2772 9.
2215 2760 2218 2762 ,

2082 2799 2084 2802 ’
2125 2793 2170 2829 et
