2263 3027
404 125 571 180 CAP.
605 125 734 178 VII.
797 122 1471 180 CHRONOLOGIVE
1531 127 1800 184 TERES.
1970 146 2064 199 231

267 251 325 300 Π.
366 253 584 318 Qamuis
603 252 710 299 haec
722 247 945 315 posterior
963 247 1054 296 fine
1074 251 1241 315 prioris
1264 254 1524 315 cognitione
1544 252 1664 302 reS’ce
1677 253 1884 304 constitui
1905 273 2066 322 nequa⁹

65 365 69 367 Α
136 336 274 387 quarn
295 319 446 386 poffir,
467 336 612 367 tamen
642 318 785 383 placet
807 316 862 364 de
881 316 1080 364 eiusdem
1107 332 1314 382 tanquam
1329 323 1468 384 magis
1486 322 1540 369 ad
1558 324 1866 387 quorumlibet
1885 341 2066 391 captum

137 406 290 437 accom
298 407 339 435 m
347 388 472 435 odata
485 384 774 450 scriptoribus
784 386 910 450 prius
921 385 1081 432 dicere.
1159 391 1306 450 Atque
1322 391 1451 437 initio
1463 391 1616 437 mirari
1627 390 1729 439 licet
1741 408 1914 452 veteres
1932 392 2064 441 diuet

133 454 290 522 paffim
314 455 540 503 dogit-inae
559 469 819 517 temporum
832 470 991 518 parum
1006 450 1204 499 curiosos
1216 452 1354 503 fuiffe.
1403 461 1550 522 Qam
1564 461 1834 523 paucietiam
1848 462 1966 507 inter
1976 462 2065 508 Hi-

133 523 296 571 storiae
308 527 499 572 Graecae
522 520 799 585 particularis
819 518 1016 585 expressa
1028 522 1276 586 Scriptores
1288 525 1576 588 Thucydidis
1594 528 1804 592 exemplo
1827 545 2064 582 annorum,

134 590 299 655 quibus
320 588 540 654 quaelibet
558 606 628 635 res
658 587 801 651 gestae
822 586 945 643 sunt,
982 587 1164 650 vestigia
1187 589 1514 652 consignarunt.
1585 596 1808 642 Generale
1833 613 1946 642 vero
1974 594 2063 642 fiue

133 651 384 705 Vniuersale
407 658 668 703 Chronicon
689 657 766 702 vix
790 658 1025 720 quisquam
1052 673 1151 703 ante
1169 659 1462 724 Apollodorum
1485 677 1762 726 componere
1781 660 1869 710 fuit
1893 660 2064 724 aggres-

132 724 233 785 sus,
269 725 391 789 quod
413 722 611 771 versibus
644 723 846 771 iambicis
874 725 1190 771 concinnatum
1213 728 1326 788 Regi
1352 730 1627 790 Pergameno
1650 730 1799 777 Attalo
1832 728 2062 794 inscripsit.

134 797 342 840 Ceterum
367 806 410 839 et
430 793 516 838 hoc
549 807 591 838 et
613 793 790 854 Castoris
809 791 979 839 Rhodii
1010 807 1051 838 et
1081 792 1336 858 Phlegontt's‚
1374 813 1421 841 ac
1449 794 1480 842 fi
1502 813 1612 860 quae
1640 795 1826 845 fuerunt
1856 799 1938 844 alia
1959 798 2065 844 alio-

133 856 236 908 rum
257 861 481 906 Chronica
510 859 675 905 invidit
704 858 836 905 nobis
865 875 1066 924 tempu8‚
1100 876 1246 924 neque
1276 859 1337 907 est
1372 864 1488 909 inter
1519 861 1758 928 scriptores
1788 867 2062 930 antiquiores

134 930 212 992 qui
233 943 416 974 aetatem
441 927 640 973 tulerunt
660 943 794 990 quem
815 928 862 973 in
887 928 974 974 hoc
1000 943 1163 988 genere
1183 928 1346 982 laudes,
1368 928 1446 976 nisi
1467 933 1705 978 Diodorum
1729 930 1847 991 forte
1867 935 2062 986 Siculum,

130 996 181 1042 in
205 996 330 1041 cuius
347 994 621 1041 Bibliotheca
642 1010 790 1042 tamen
814 995 952 1041 multa
972 1010 1014 1042 et
1034 997 1285 1059 antiquiora
1303 995 1565 1061 praesertim
1587 997 1677 1046 fine
1697 998 1892 1065 apposita
1912 1000 2061 1047 distin·

131 1061 275 1110 &iore
302 1063 522 1127 temporis
553 1078 657 1108 nota
687 1078 932 1109 narrantur.
1001 1065 1037 1109 E
1065 1065 1280 1110 Romanis
1309 1067 1486 1130 primus
1515 1069 1661 1114 Varro
1688 1069 1869 1115 videtur
1895 1069 1950 1115 de
1980 1070 2080 1116 hae-

131 1145 258 1195 parte
282 1132 547 1176 eruditionis
565 1128 819 1177 illustranda
840 1128 953 1177 serio
978 1128 1205 1191 cogitasse,
1241 1133 1364 1179 cuius
1385 1136 1517 1180 etiam
1541 1133 1600 1181 est
1620 1135 1805 1182 celebris
1834 1136 1909 1183 illa
1944 1137 2060 1183 diui-

132 1196 193 1244 sio
222 1203 236 1226 ¹
277 1214 413 1256 omne
439 1213 616 1262 tempus
643 1199 811 1262 triplici
835 1197 1112 1260 distinguens
1133 1196 1413 1257 discrimine,
1443 1220 1638 1265 quorum
1661 1205 1861 1267 primum
1886 1203 1938 1250 ab
1960 1205 2060 1251 Ori-

131 1267 236 1326 gine
255 1266 638 1326 humani'generis
659 1266 713 1311 ad
735 1264 1060 1327 Cataclysmum
1083 1268 1286 1330 priorem
1316 1286 1508 1334 propter
1542 1272 1839 1331 ignorantiam
1871 1272 2061 1336 appella-

132 1334 197 1377 uit
222 1326 405 1389 ἄδηλον,
441 1329 683 1378 secundum
714 1350 738 1376 a
759 1331 1036 1393 Cat-aclysmo
1060 1337 1213 1394 priore
1246 1335 1300 1380 ad
1322 1337 1899 1402 Olympiadem,primani²
1937 1337 2082 1403 quod.

135 1399 236 1461 quia
263 1400 311 1444 in
330 1414 382 1444 eo
407 1397 544 1442 multa
567 1394 763 1443 fabulosa
782 1395 1052 1449 referuntur,
1075 1397 1260 1460 μυθικδν
1280 1400 1332 1446 ab
1354 1407 1407 1448 eo'
1431 1403 1603 1451 digium
1624 1404 1697 1457 est,
1721 1421 1762 1451 et
1778 1408 1961 1455 tertium
1988 1406 2060 1453 de-

131 1467 270 1528 nique
289 1482 312 1510 a
331 1465 482 1529 prima
504 1464 781 1527 Olympiade
800 1464 855 1510 ad
874 1460 994 1510 suam
1030 1473 1213 1511 aetatem
1233 1467 1431 1532 ἱςοζηκόν,
1465 1471 1565 1533 quia
1587 1488 1656 1517 res
1677 1473 1723 1517 in
1749 1489 1801 1517 eo
1825 1471 1966 1533 gestae
1984 1488 2059 1519 ve-

130 1533 192 1578 ris
215 1530 410 1578 historiis
444 1532 744 1576 continentur.
854 1534 1073 1577 Varronis
1111 1535 1321 1597 exemplo
1344 1539 1558 1582 Cornelius
1579 1543 1709 1604 Nepos
1742 1557 1897 1585 aeuum
1923 1556 2059 1586 omne

129 1598 273 1644 tribus
294 1598 515 1661 explicare
541 1597 702 1643 chartis
718 1595 810 1651 ⁴fiue
835 1596 962 1643 libris
981 1615 1163 1645 conatus
1187 1599 1272 1655 est,
1312 1599 1383 1655 sed
1406 1618 1448 1649 et
1468 1605 1587 1650 illius
1614 1620 1656 1650 et
1676 1606 1865 1651 aliorum
1898 1604 2057 1670 scripta

131 1666 362 1730 deperdita
394 1664 587 1711 libenter
618 1666 794 1712 omitto,
868 1667 955 1712 Res
985 1668 1232 1730 Aegyptias
1260 1669 1434 1715 incerta·
1462 1668 1547 1716 fide
1567 1673 1768 1717 Manetho
1787 1705 1796 1723 ς
1835 1676 2057 1719 Romanas

129 1732 181 1780 ab
202 1735 333 1779 Ennio
356 1750 496 1796 vsque
531 1747 573 1778 et
594 1736 746 1778 Catone
765 1732 897 1779 multi
918 1749 1177 1797 temporum
1211 1735 1371 1782 ordine
1402 1755 1448 1783 ac
1471 1755 1554 1801 per
1581 1739 1772 1785 Annales
1803 1738 2058 1804 persequuti

128 1798 242 1854 sunt,
263 1798 338 1847 sed
362 1802 439 1864 qui
462 1801 724 1847 Chronicon
745 1800 955 1865 deinceps
976 1798 1224 1848 vniuerl'ale
1246 1804 1442 1851 condere
1462 1804 1632 1852 fuerint
1654 1806 1837 1868 aggreffi'
1858 1826 1878 1854 a
1903 1826 2055 1856 rerum

128 1869 425 1916 humanarum
449 1868 661 1921 exordio,
695 1868 832 1929 (licet
857 1875 995 1933 pau'ca
1016 1870 1232 1933 quaedam
1253 1871 1589 1933 Chronologica
1617 1878 1844 1937 attigerint
1877 1877 2055 1923 Clemens

128 1937 258 1983 Alex.
281 1937 325 1981 in
347 1939 619 1982 Stromatum
641 1935 758 1981 libro
790 1952 824 1982 1.
863 1937 1106 2003 Theophilus
1125 1939 1433 1987 Antiochenus
1467 1941 1584 1988 libro
1616 1961 1653 2001 3.
1690 1943 1741 1990 ad
1764 1945 2054 2008 Autolycum,

131 2019 266 2066 quem
289 2019 526 2065 propterea
546 2002 702 2049 librum
723 2007 771 2048 de
782 1998 1037 2069 temporibus
1051 2003 1304 2053 Labi-antius
1336 2022 1411 2057 i.2
1420 2026 1461 2070 3.
1496 2013 1652 2068 vocat)
1665 2028 1757 2057 non
1778 2011 1922 2058 habeo
1942 2029 2055 2076 quos

130 2070 308 2129 laudem
330 2085 429 2115 ante
452 2074 488 2116 S.
515 2073 786 2136 Hippogyrtmz
806 2086 847 2118 et
871 2074 1023 2118 Iulium
1047 2075 1299 2138 affricanum
1317 2078 1393 2139 qui
1415 2076 1548 2123 ambo
1574 2079 1836 2125 Chronicon
1855 2075 1979 2126 suum
2001 2081 2054 2126 ab

130 2136 256 2186 Orbe
278 2137 460 2182 condito
483 2137 536 2186 ad
556 2132 801 2184 Alexandri
820 2143 971 2186 Seueri
991 2139 1197 2205 tempora
1219 2143 1555 2207 produxerunt,
1589 2146 1726 2192 Iulius
1750 2164 1858 2194 vero
1884 2146 2056 2195 Africa·

130 2222 214 2253 nus
237 2204 476 2269 praecipue
495 2206 540 2254 in
566 2220 704 2268 opere
732 2203 810 2251 suo
831 2208 884 2253 de
905 2209 1188 2273 temporibus
1208 2211 1296 2257 siue
1309 2214 1686 2277 Chronographia
1707 2217 1906 2278 quinque
1929 2215 2053 2261 libris

133 2271 362 2319 distributa
393 2288 482 2318 tam
519 2270 697 2335 copiose
727 2288 771 2320 et
801 2273 1040 2337 diligenter
1069 2275 1266 2324 versatu-s
1297 2277 1378 2331 est,
1413 2295 1463 2325 vt
1481 2278 1673 2328 Eusebio
1705 2297 1747 2328 et
1768 2283 1861 2328 aliis
1890 2281 1989 2346 post
2011 2280 2054 2328 se

131 2341 250 2388 viam
273 2341 450 2400 egregie
475 2342 720 2386 muniuerit
739 2345 1058 2407 materiamque
1076 2345 1332 2408 praebuerit
1359 2347 1486 2410 plura
1517 2351 1861 2396 commentandi.
1937 2351 2055 2410 Hip-

132 2407 278 2469 polyti
324 2408 441 2452 nihil
483 2403 677 2471 superest
719 2409 858 2455 hodie
905 2410 982 2455 nisi
1034 2411 1210 2459 libellus
1257 2432 1310 2460 ex
1363 2417 1517 2461 Latina
1559 2419 1701 2462 vetet-i
1748 2415 1949 2461 verlione
1994 2417 2049 2462 de
2078 2415 2082 2419 ’

98 2479 101 2481 ’
134 2473 421 2520 diuifionibus
465 2490 509 2521 et
552 2476 911 2534 generationibus
959 2482 1161 2538 gentium
1208 2499 1230 2527 a
1277 2480 1452 2528 Canifio
1499 2498 1541 2527 et
1593 2482 1773 2527 Labbeo
1814 2483 1976 2530 editus:
2031 2489 2050 2513 2

61 2545 65 2548 ”
134 2538 332 2587 Africani
379 2543 509 2588 etiam
554 2539 802 2602 fragmenta
846 2557 1017 2590 tantum
1055 2546 1271 2593 habemus
1302 2548 1353 2594 ab
1389 2545 1603 2603 Eusebio,
1653 2550 1861 2612 Synccllo
1902 2567 1944 2596 et
1979 2549 2054 2597 ali-

135 2608 171 2652 is
191 2604 389 2661 ,set-uam,
489 2614 642 2672 Atque
687 2607 849 2670 Eaezssbiz·
888 2610 1023 2674 ipfius
1064 2613 1164 2678 post
1196 2613 1462 2662 Africanum
1500 2618 1785 2683 praecipuam
1833 2620 1923 2666 iam
1964 2620 2051 2682 prin

303 2674 310 2680 ’
1948 2686 2052 2734 dem

247 2771 258 2790 ¹
295 2769 372 2808 Adi
408 2769 663 2811 Censorinum
697 2770 743 2810 de
773 2770 835 2810 die
864 2770 997 2823 Nataii
1029 2787 1106 2825 cap.
1128 2783 1192 2813 23.

245 2824 388 2864 ²1Vide
424 2840 523 2878 quae
556 2827 691 2866 notaui
718 2826 844 2880 libs5.
874 2828 970 2867 Bibi.
1004 2830 1167 2868 Graecae
1198 2836 1346 2881 μεως.
1377 2827 1470 2879 269.
