2263 3027
317 141 382 189 Τ
462 135 910 214 DIGNJTATES
943 130 1353 210 VTRIVSQ'VE
1385 134 1665 193 IMPERII.
1933 147 2041 209 729

90 266 166 316 lib.
187 269 270 317 IV.
294 281 387 334 cap.
414 279 455 327 5:
481 270 517 328 §.
538 261 584 317 62
658 269 784 315 Tum
815 264 1024 314 notitiam
1056 263 1326 327 dignitatum
1357 262 1449 314 siue
1475 259 1913 314 administrationum
1944 280 2035 316 tam

91 337 294 384 ciuilium
318 352 450 402 quam
481 336 748 383 militarium
778 336 825 381 in
845 333 1047 381 Partibus
1080 336 1281 381 Orientis
1311 349 1354 383 et
1384 333 1669 391 Occidentis,
1704 349 1840 399 quam
1860 334 1915 382 ad
1936 335 2036 382 iuu-

91 403 352 451 strationem
384 403 564 452 Codicis
601 401 910 450 Theodosiani
950 400 1146 449 confecit
1180 402 1367 450 lacobus
1402 399 1700 451 Godoftedus
1730 416 1840 449 tom.
1863 410 1909 453 6.
1935 401 2038 468 post

89 489 189 537 pag.
215 485 324 532 312.
401 474 489 519 His
508 469 736 518 addendus
757 470 876 516 idem
897 467 1192 517 Godofredus
1215 471 1262 516 in
1289 471 1636 518 Commentariis
1654 469 1709 517 ad
1731 469 1926 518 eundem
1951 474 2037 519 Co-

91 540 239 586 dicem
260 537 655 594 Theodosianum5
699 536 896 584 Valesius
925 538 980 584 ad
1015 538 1307 584 Ammianum
1332 538 1673 592 Marcellinum,
1721 536 1949 586 Reinesius
1981 538 2037 586 ad

91 605 406 669 inscriptiones
426 621 622 659 veteres,
662 605 743 653 Iac.
758 606 1009 653 Gutherius
1028 606 1075 651 in
1096 605 1326 670 praeclaro
1348 622 1486 670 opere
1505 605 1650 652 tribus
1674 603 1802 652 libris
1824 604 2034 653 distinsto

91 674 148 721 de
178 672 337 721 officiis
369 675 530 721 domus
551 671 772 733 Augustae
801 671 1008 738 publicae
1035 689 1084 719 ac
1108 673 1307 737 priuatae
1332 671 1461 721 Paris.
1489 679 1628 725 1628.
1658 687 1703 719 et
1723 671 1897 738 Lipsiae
1919 675 1966 720 in
1991 682 2034 731 8.

90 745 262 803 Georg.
286 742 486 789 Codinus
506 740 561 787 de
584 738 744 787 officiis
765 756 808 787 et
839 738 1104 855 osis-&libus
1128 742 1288 787 Curiae
1311 755 1353 787 et
1371 738 1586 788 Ecclesiae
1608 739 2034 807 Constantinopolin

90 826 194 856 cum
218 811 336 856 notis
357 812 511 856 Franc.
540 809 681 865 Iunii,
718 809 803 858 lac.
822 811 916 856 Gre
1007 810 1023 855 i
1046 822 1089 855 et
1114 808 1193 855 lac.
1213 809 1367 855 Goari.
1435 806 1751 857 Constantinus
1770 811 2037 874 Porphyre-

90 893 309 939 gennetus
331 874 458 923 libris
481 875 657 922 duobus
686 876 742 923 de
773 878 1058 923 caerimoniis
1083 875 1205 923 aulae
1227 877 1523 938 Byzan'tinae,
1565 893 1671 922 cura
1690 875 1817 925 Ioan.
1841 878 2036 925 Henriei

88 946 266 992 Leichii
294 959 336 992 et
367 945 486 992 loan.
513 944 594 991 lac.
616 943 790 992 Reiskii
809 946 973 991 Tomis
995 941 1172 991 duobus
1205 943 1335 989 editis
1355 942 1532 1008 Lipsiae
1557 959 1676 1001 1751
1715 957 1759 990 et
1794 959 1869 1003 54.
1904 941 2032 993 folio.

87 1013 206 1060 Ioan.
231 1009 452 1059 Meursius
473 1013 518 1058 in
540 1009 765 1074 glossario,
787 1026 830 1059 et
849 1013 1043 1074 Cangius
1061 1012 1109 1057 in
1131 1007 1339 1073 glossario
1359 1025 1556 1074 vtroque
1580 1010 1760 1058 Mediae
1786 1013 2035 1059 Latinitatis

87 1094 132 1127 et
155 1081 429 1127 Graecitatis.
493 1083 564 1127 De
590 1076 849 1127 differentia
882 1082 1001 1128 inter
1030 1076 1348 1132 Proconsules,
1393 1082 1611 1141 Legatos,
1645 1081 1963 1143 Propraetores
1992 1093 2036 1127 et

85 1150 423 1200 Procuratores,
461 1163 711 1212 eorumque
732 1148 904 1214 duplici
922 1163 1089 1211 genere
1121 1148 1312 1213 exponit
1344 1146 1408 1194 lo.
1429 1149 1544 1195 Dan.
1568 1145 1884 1211 Schoepflinus
1909 1151 1967 1196 T.
1997 1162 2036 1196 1.

87 1213 275 1265 Alsatiae
294 1213 527 1263 illustratae
547 1233 591 1280 p.
614 1223 713 1273 269
736 1230 780 1264 et
807 1230 917 1278 270.
930 1217 1018 1280 'qui
1038 1216 1170 1263 etiam
1193 1213 1302 1262 ibid.
1325 1231 1370 1278 p.
1394 1227 1492 1277 274
1512 1211 1607 1278 sqq.
1662 1212 1826 1262 Caesar.
1848 1213 2037 1281 praesid.

87 1282 223 1332 Alsat.
253 1280 464 1331 recenset.
540 1287 612 1330 De
641 1283 1013 1331 Procuratoribus
1036 1286 1292 1332 Ducenariis
1309 1282 1503 1344 Scaliger
1535 1284 1582 1328 in
1614 1282 1771 1329 Manil.
1792 1299 1892 1347 pag.
1927 1285 2035 1330 166.

89 1348 374 1397 Casaubonus
400 1363 443 1396 et
474 1348 703 1395 Salmasius
732 1351 786 1396 ad
809 1351 1119 1414 Capitolinum
1143 1353 1191 1396 in
1214 1351 1464 1402 Pertinace,
1497 1348 1717 1410 Rigaltius
1736 1349 1791 1396 ad
1813 1351 2035 1414 Cypriani

88 1415 278 1482 Epistol.
300 1424 376 1476 67.
409 1431 455 1480 p.
489 1427 591 1476 174.
621 1430 665 1461 et
684 1413 946 1463 Pearsonius
968 1417 1022 1464 ad
1052 1415 1326 1480 Symbolum
1351 1413 1677 1480 Apostolicum.
1749 1414 2035 1465 Praefessura

88 1484 306 1549 praetorii
324 1495 480 1530 vertex
497 1487 680 1530 omnium
699 1485 971 1549 dignitatum.
1049 1484 1329 1531 Ammianus,
1364 1484 1390 1543 ἦ
1409 1479 1565 1548 πρώτη
1590 1480 1671 1546 καί
1689 1486 1917 1549 κορυφαίω
1946 1487 2033 1536 τῶν

89 1550 260 1616 οἱρχῶν.
295 1551 515 1612 Euagrius
534 1550 600 1598 111
606 1587 617 1599 .
648 1565 726 1614 39.
794 1555 865 1598 De
884 1550 1283 1615 Perfitfiffmorum
1303 1550 1521 1612 dignitate
1540 1551 1817 1599 Pancirollus
1841 1552 1896 1599 ad
1915 1554 2030 1600 noti-

87 1621 195 1666 tiam
222 1618 410 1683 Imperii
444 1634 480 1666 c.
508 1635 548 1676 3.
615 1614 932 1665 Gothofredus
962 1618 1017 1664 ad
1047 1618 1201 1665 Codic.
1222 1616 1525 1669 Theodosian.
1546 1621 1626 1663 VI.
1652 1631 1726 1680 37.
1796 1619 2032 1668 Fabrettus

87 1686 141 1734 ad
157 1683 476 1750 inscriptiones
495 1699 669 1733 veteres
688 1702 733 1751 p.
754 1699 853 1746 277
875 1682 935 1750 sq.
1009 1686 1292 1733 Fontaninus
1311 1683 1386 1731 lib.
1415 1701 1452 1732 1.
1476 1685 1531 1732 de
1549 1685 1887 1748 antiquitatibus
1908 1691 2032 1735 Hor·

86 1767 156 1801 tae
179 1753 394 1800 Coloniae
417 1769 450 1799 c.
471 1767 511 1816 3.
534 1757 568 1812 §.
585 1759 629 1807 8.
654 1769 699 1813 9.
736 1773 740 1777 ·
767 1755 838 1800 De
865 1751 1094 1800 Comitibus
1116 1749 1462 1815 Corfistorialibus
1482 1751 1717 1801 traEiatum
1740 1753 1880 1800 edidit
1901 1755 2030 1803 Ioan-

88 1837 168 1869 nes
185 1820 379 1877 Fssleau,
414 1817 584 1867 Parisiis
614 1825 751 1877 1638.
775 1827 816 1877 8.
881 1819 1132 1868 Historiam
1154 1822 1388 1868 Comitum
1411 1819 1846 1868 Consistorianorum
1869 1822 1916 1869 in
1938 1823 2031 1870 Im-

88 1889 218 1955 perio
232 1888 433 1943 Orientis
446 1885 656 1952 singulari
667 1885 965 1937 dissertatione
975 1885 1271 1956 persequutus
1292 1885 1353 1937 est
1369 1886 1510 1937 Iustus
1520 1886 1684 1939 Christ.
1697 1887 2026 1941 Thorschmid.

87 1955 272 2007 Witteb.
296 1969 438 2016 1720.
694 1962 696 1964 ’

224 2087 349 2138 XVI.
385 2087 655 2139 Claudernus
678 2092 768 2139 hoc
789 2090 921 2158 caput
942 2090 1073 2141 breui
1104 2092 1362 2143 recensione
1394 2108 1535 2158 quum
1560 2107 1743 2148 eorum,
1782 2093 1859 2157 qui
1885 2110 2027 2158 quum

91 2158 255 2207 humili
283 2158 385 2204 loco
420 2160 511 2203 nati
536 2159 614 2206 ‘vel
643 2159 827 2206 vltimae
847 2158 980 2208 sortis
1008 2162 1219 2209 homines
1247 2160 1409 2225 essent,
1443 2177 1636 2227 propter
1669 2161 2027 2225 qualemcunque

89 2228 182 2274 oris
201 2223 540 2273 similitudinem
560 2226 779 2290 principis
800 2227 983 2277 alicuius
1002 2227 1241 2294 personam
1259 2228 1340 2276 sibi
1362 2226 1631 2292 imposuere,
1669 2243 1713 2274 et
1736 2246 1819 2293 per
1845 2228 2027 2292 aliquod

0 2323 2 2343 t
90 2309 269 2359 tempus
289 2294 528 2340 hominum
553 2293 800 2341 credulitati
816 2294 1065 2349 illuserunt,
1099 2297 1278 2360 publica
1301 2297 1543 2342 calamitate
1561 2296 1831 2360 plerumque
1856 2293 2026 2358 suoque

0 2381 2 2413 ὲ
89 2362 290 2409 ludibrio
301 2378 313 2419 3
333 2377 428 2408 tum
440 2360 759 2426 plerarumque
768 2363 1065 2429 Rerumpubl.
1079 2365 1505 2416 commentitiarum,
1528 2378 1638 2425 quae
1660 2361 1748 2409 siue
1763 2362 2025 2410 aveteribus

0 2426 3 2463 l
91 2428 179 2477 siue
198 2448 220 2478 a
233 2427 575 2477 Recentioribus
587 2432 858 2492 excogitatae
880 2429 993 2485 sunt,
1014 2446 1056 2478 et
1074 2447 1160 2495 pro
1184 2432 1368 2493 ingenio
1391 2427 1593 2494 ipsorum
1609 2431 1668 2475 ita
1687 2427 1943 2494 descriptae,
1956 2432 2025 2479 vti

2 2501 5 2550 ζ
92 2499 238 2562 optari
258 2495 444 2552 fortassis
475 2497 689 2560 quaedam
712 2506 930 2562 exparte,
969 2500 1078 2546 aliae
1109 2515 1165 2546 ne
1185 2499 1330 2564 optari
1355 2498 1562 2561 quidem,
1599 2493 1766 2561 sperari
1792 2512 1910 2544 certe
1929 2512 2024 2545 non

2 2564 5 2586 ³
91 2563 274 2629 possunt
291 2600 307 2627 ‚
358 2581 402 2613 et
436 2561 658 2629 nusquam
694 2568 898 2627 gentium
937 2568 1239 2632 reperiuntur.
1316 2566 1485 2613 Prioris
1524 2566 1779 2625 argumenti
1816 2566 2024 2631 exempla

4 2632 5 2672 ἶ
37 2670 41 2674 s
93 2633 371 2694 collegerunt
397 2644 452 2681 ex
472 2633 800 2697 antiquioribus
821 2634 957 2683 Valer.
973 2635 1198 2683 Maximus
1210 2637 1283 2680 IX.
1301 2648 1317 2681 1
1331 2647 1371 2693 ς.
1393 2649 1418 2679 e
1436 2630 1764 2679 recentioribus
1783 2635 2022 2698 Gregorius

91 2698 319 2747 Richterus
345 2703 552 2748 axiomat.
580 2702 858 2750 o'ecomonic.
880 2704 1077 2753 CCXIII,
1108 2718 1153 2766 p.
1183 2709 1302 2761 328-
1318 2714 1425 2760 343.
1496 2701 1553 2746 Io.
1580 2702 1704 2765 Bapt.
1725 2701 1951 2762 Rocoley'ius
1973 2702 2022 2749 in

91 2764 212 2813 libro
233 2767 405 2818 Gallice
423 2759 569 2827 edito,
606 2769 679 2816 cui
703 2768 876 2817 titulus:
910 2767 1268 2882 1εε.ῘὶὲτιΡοίὶυτεε
1287 2765 1502 2831 insignes,
1541 2782 1602 2815 ou
1620 2765 1803 2816 histoire
1826 2767 2024 2881 de}plu‹

361 2852 375 2866 '¹
1073 2846 1105 2886 2
1667 2872 1671 2877 .
1903 2851 2021 2884 leurs
