2263 3027
824 101 1469 183 ELENCHVS

1187 206 1213 221 κ
1545 213 1547 215 .
2004 200 2011 218 r

294 237 359 282 De
375 229 667 302 Scriptoribus
693 234 771 296 qui
802 242 902 278 ante
930 231 1124 294 Rofinum
1161 231 1452 293 Antiquitates
1482 230 1693 276 Romanas
1720 230 1897 281 condere
1929 228 2110 295 institue-

157 315 277 353 runt.
321 318 357 350 ι.
426 305 490 350 De
514 304 569 348 Io.
595 302 753 364 Rqstno.
792 317 830 347 2.
903 299 1002 365 Tho.
1023 298 1261 364 Dempstero
1293 310 1336 344 et
1359 299 1528 351 Andrea
1549 298 1730 346 Schotto.
1775 315 1814 359 3.
1883 300 1950 347 De
1967 307 2110 348 variis

157 373 406 439 compendiis
422 374 741 431 Antiquitatum
765 371 1070 414 Romanarum.
1108 384 1152 424 4.
1221 366 1729 429 DcssaliisAntiquitatum
1747 369 1868 414 Rom.
1879 368 2111 435 scriptori·

156 440 244 489 bus.
283 457 325 500 ς.
394 441 459 485 De
483 437 661 500 Georgii
679 438 857 481 Hieron.
886 434 1063 496 Welschii
1083 446 1126 480 et
1147 434 1343 480 Flaminii
1363 437 1518 480 Vaccae
1551 433 1712 495 affecftis
1730 436 1797 487 vel
1818 438 1990 482 ineditis
2013 452 2108 497 ope-

156 507 294 556 ribus.
334 512 377 556 6.
457 506 526 554 De
533 500 822 569 scriptoribus
835 503 1106 564 Miscellaneis
1115 504 1406 564 Antiquitates
1429 504 1639 548 Romanas
1656 501 1968 565 illustrantibus.
2007 521 2048 567 7.
2064 512 2108 560 8.

157 591 204 638 9.
237 589 306 627 ιο.
376 574 594 620 Bernardi
622 576 670 618 dc
690 572 962 637 Montfaucon
981 575 1220 634 antiquitas
1239 570 1512 635 explicatione
1537 582 1582 615 et
1586 568 1868 632 schematibus
1887 572 2109 635 illustrata.

161 659 183 693 Ι
201 659 236 693 ῐ.
312 644 378 690 De
397 641 606 704 thesauris
626 637 935 701 antiquitatum
959 642 1249 684 Romanarum
1272 641 1512 687 Graeuiano
1533 649 1577 683 et
1597 638 1884 703 Salleugriano
1904 651 1949 685 et
1966 641 2111 687 Poleni

145 711 452 779 fitpplementis.
494 725 563 757 12.
634 707 872 773 Conspec‘t'us
890 707 1079 769 thesauri
1099 711 1411 768 antiquitatum
1435 709 1726 753 Romanarum
1737 710 1991 754 Graeuiani.
2037 724 2054 756 ι
2067 724 2109 771 3.

157 777 396 844 Conspectus
413 782 514 825 noui
536 775 724 837 thesauri
749 780 1063 838 antiquitatum
1083 777 1376 820 Romanarum
1410 775 1701 839 Sallengriani.
1743 788 1815 835 14.
1886 777 1943 822 Ιο,
1968 777 2110 823 Poleni

142 848 434 914 fitpplementa
463 861 572 892 noua
601 849 647 890 in
668 845 879 891 Romanas
908 856 950 888 et
976 847 1157 889 Graecas
1180 845 1358 888 Graeuii
1388 854 1431 887 et
1463 845 1673 889 Gronouii
1700 845 1996 904 antiquitates.
2040 859 2108 901 15.

153 918 284 963 Index
291 914 557 980 scriptorum
570 946 582 968 ‚
618 916 902 973 antiquitates
924 914 1134 958 Romanas
1156 910 1465 973 illuslrantium,
1485 910 1693 972 thesauris
1706 910 1855 956 Italiae
1873 927 1922 956 ac
1943 912 2110 958 Siciliae

116 1014 122 1017 -
151 983 768 1030 Graeuiano-Burmannianis
794 979 1063 1040 insertorum.
1109 986 1182 1026 16.
1255 979 1387 1024 Index
1418 977 1698 1043 alphabeticus
1714 978 1997 1044 scriptorum,
2033 985 2109 1042 qui

151 1056 196 1098 in
218 1064 404 1112 utroque
430 1047 624 1109 thesauro
655 1050 907 1094 Graeuiancr
934 1059 976 1092 et
1003 1049 1275 1092 Gronouiano
1305 1051 1487 1108 itemque
1517 1047 1744 1112 sallengrii
1771 1063 1879 1092 nouo
1912 1046 2109 1110 thesauro

151 1123 463 1182 antiquitatum
483 1119 796 1170 Romanarum,
848 1115 991 1161 Poleni
995 1114 1292 1180 supplementis
1320 1119 1439 1160 nouis
1468 1125 1512 1159 et
1533 1114 1744 1178 thesauris
1769 1115 1918 1161 Italiae
1935 1131 1984 1161 ac
2004 1114 2107 1162 Sici-

148 1189 229 1234 liae
251 1190 489 1234 Graeuiano
504 1187 860 1229 -Burmaunianis
881 1187 1164 1228 continentur.
1209 1194 1279 1239 17.
1311 1197 1403 1247 pag.
1430 1189 1456 1236 8
1464 1195 1506 1236 9.

301 1250 410 1308 IV.
467 1250 553 1309 De
583 1248 954 1327 scriptoribus
986 1246 1351 1306 Generalibus
1396 1248 1811 1322 Antiquitatum
1855 1247 2106 1307 Christia-

290 1348 364 1386 m.

68 1386 70 1388 r
143 1347 445 1452 naruLexica
461 1407 781 1469 Antiquitatum
801 1404 1178 1468 Ecclcss’asticarum.
1217 1418 1257 1452 1.
1324 1404 1606 1466 Syntagmata
1627 1413 1670 1446 et
1688 1403 1935 1466 Compendia
1955 1402 2005 1446 de
2027 1403 2108 1446 An·

146 1473 422 1537 tiquitatibus
441 1474 727 1535 Ecclesiasticis.
764 1486 806 1524 2.
912 1476 974 1518 De
993 1476 1218 1524 Romanae,
1235 1483 1278 1516 et
1300 1471 1570 1530 Ecclcfiarum
1593 1469 1919 1514 Occidentalium
1949 1466 2107 1513 ritibus

133 1543 382 1608 scriptores.
422 1556 464 1603 3.
534 1543 598 1586 De
620 1538 778 1585 ritibus
798 1539 989 1600 Ecclesiae
1011 1542 1197 1584 Graecae
1231 1538 1498 1598 aliarumque
1540 1534 1835 1580 Orientalium.
1871 1550 1917 1593 4.
1988 1536 2107 1583 Scri-

142 1623 288 1675 ptores
317 1611 366 1654 de
399 1615 493 1653 vita
523 1619 565 1651 et
596 1605 784 1652 moribus
818 1609 1017 1651 Veterum
1039 1605 1387 1666 Christianorum.
1435 1619 1478 1660 5.
1550 1604 1615 1647 De
1637 1606 1924 1647 conuenientia
1936 1606 2107 1647 rituum

146 1676 480 1738 Christianorum
502 1690 594 1718 cum
617 1675 797 1718 Iudaicis
816 1684 943 1735 atque
962 1672 1159 1718 Ethnicis.
1201 1678 1244 1721 6.
1311 1673 1551 1735 Scriptores
1584 1668 1839 1730 Miscellanei
1863 1672 2106 1731 Antiquita-

144 1757 237 1792 tum
262 1742 642 1807 Ecclefiasticarum.
673 1756 717 1800 7.
774 1742 903 1785 Ritus
922 1740 1179 1803 Ecclesiastici
1196 1739 1394 1804 descripti
1421 1738 1568 1783 ordine
1590 1742 1792 1802 temporis
1809 1753 1890 1800 quo
1915 1735 2106 1783 obtinere
2130 1730 2137 1739 '

75 1848 80 1872 ,
143 1824 381 1880 coeperunt.
409 1817 450 1866 8.
488 1812 575 1855 Per
593 1813 759 1854 rituum
791 1809 1080 1870 diucrfitatem
1107 1810 1414 1854 Communionis
1445 1804 1731 1868 Ecclesiasticae
1752 1805 1968 1854 vinculum
1994 1804 2109 1852 haud

132 1881 257 1943 solui.
292 1898 333 1935 9.
403 1882 532 1924 Ritus
551 1886 751 1922 externos
779 1892 915 1921 omnes
943 1882 1191 1938 neutiquam
1218 1871 1288 1938 effe
1309 1871 1602 1940 improbandos
1632 1872 1700 1918 vel
1719 1873 1990 1938 negligendos.
2031 1885 2105 1919 10.

144 1950 383 1997 Delineatio
402 1945 591 2006 thesauri
613 1946 931 2006 Antiquitatum
951 1943 1332 2006 Ecclcfiasticarum.
1367 1956 1381 1989 1
1403 1956 1437 1987 ι.
1463 1955 1560 2007 pag.
1586 1946 1697 2000 158.

312 2012 382 2069 V.
443 2011 529 2068 De
559 2008 930 2084 Scriptoribus
959 2012 1209 2066 veterem
1249 2005 1668 2082 Geographiam
1701 2022 1764 2061 ae
1794 2002 2105 2084 Chorograi⁴

144 2090 340 2168 phiam
371 2085 774 2143 illustrantibus.
2088 2127 2094 2133 .

292 2167 436 2214 Studii
457 2166 777 2227 Antiquitatum
799 2162 941 2226 diuisio
960 2175 1003 2211 et
1013 2174 1177 2231 partes.
1217 2176 1256 2210 ῐ.
1325 2157 1693 2226 Archaeographia
1723 2174 1750 2204 a
1768 2158 1851 2204 Iac.
1869 2158 2019 2224 Sponio
2039 2157 2104 2203 de-

133 2238 322 2304 firipta,
370 2233 585 2295 diuisaque
614 2229 702 2278 οέῖο
730 2229 952 2296 capitibus.
992 2244 1038 2280 2.
1112 2233 1168 2277 Vt
1190 2234 1235 2275 in
1255 2229 1445 2293 Historia
1468 2230 1528 2292 sic
1560 2232 1606 2274 in
1627 2229 1947 2289 Antiquitatum
1965 2223 2103 2286 studio

145 2302 410 2370 Geo'graphia
428 2313 550 2348 vetus
571 2312 614 2346 ct
634 2298 907 2364 Chronologia
925 2303 1173 2361 neutiquam
1195 2300 1439 2346 omittenda.
1482 2312 1522 2357 3.
1590 2292 2036 2360 Geographiaesacrae
2061 2301 2103 2337 et

138 2375 189 2418 de
212 2387 340 2417 terra
351 2367 504 2432 fimeta
523 2385 571 2414 ac
595 2367 887 2430 Hierosolyma
898 2366 1137 2433 ftriptores
1156 2377 1321 2412 veteres
1343 2382 1391 2412 ac
1413 2376 1611 2412 recentes.
1645 2377 1690 2424 4.
1723 2377 1768 2421 5.
1838 2357 2104 2425 Geographia

136 2437 361 2500 Nubiensis,
406 2437 605 2502 Ahulseda
622 2448 698 2484 etc.
739 2439 782 2479 6.
851 2437 1030 2497 Antiqui
1054 2432 1297 2499 Geographi
1323 2437 1490 2481 Graeci.
1527 2447 1574 2493 7.
1645 2431 1801 2477 Latini.
1841 2434 1884 2483 8.
1954 2428 2020 2472 De
2039 2437 2106 2472 ta-

137 2507 245 2556 bulis
269 2504 577 2570 Geographicis.
615 2517 659 2563 9.
762 2502 1174 2568 Geographiaqvetus
1194 2503 1329 2548 ciuilis
1347 2516 1429 2569 per
1451 2497 1734 2566 compendium
1750 2513 1777 2542 a
1796 2492 2107 2540 recentioribus

139 2576 325 2622 tradita.
373 2572 443 2619 πὸ.
511 2572 674 2616 Eadem
680 2569 842 2635 plenius
853 2581 903 2619 *et
923 2567 1097 2617 vberius
1114 2570 1308 2635 expofita.
1351 2585 1367 2619 1
1388 2584 1423 2616 1.
1493 2565 1702 2616 Parallela
1723 2566 1884 2610 vete-ris
1903 2572 1947 2626 et
1970 2568 2104 2607 nouae

137 2638 442 2707 Geographiae.
484 2649 558 2686 12.
624 2638 779 2683 Lexica
799 2635 1098 2704 'Geogs-aphica.
1141 2650 1162 2684 1
1175 2651 1216 2697 3.
1284 2638 1526 2703 Scriptores
1552 2636 1632 2696 qui
1652 2642 1793 2676 certas
1813 2633 2004 2695 regiones
2012 2626 2104 2694 spe-

134 2715 281 2757 ciatim
297 2705 545 2773 perfiequuti
560 2701 679 2763 fiant,
700 2715 742 2748 et
760 2705 810 2749 de
830 2703 1094 2771 Geographia
1108 2705 1236 2750 medii
1254 2705 1527 2768 acsequioris
1537 2701 1646 2751 aeui,
1667 2714 1773 2760 quae
1790 2712 1984 2763 magnam
2000 2710 2106 2762 par·

133 2791 219 2826 tem
241 2776 373 2825 adhuc
395 2771 640 2837 illustranda
664 2770 942 2834 desideratur.
1007 2771 1253 2833 Dzfficulter
1271 2774 1320 2821 id
1331 2770 1435 2834 fieri
1457 2764 1561 2835 poste.
1576 2766 1657 2831 nist
1674 2781 1819 2815 recens
1832 2762 2103 2879 Geogzaphia

1938 2847 1967 2897 p
1985 2843 2099 2877 emus
