2263 3027
203 104 300 154 688
725 89 875 141 CAP.
904 87 1046 140 xlv.
1075 88 1078 90 ’
1117 87 1217 138 DE
1247 85 1647 139 REPVBLtCA*

203 218 475 268 Theocratia
496 215 672 263 Iudaica
694 229 872 277 agentes
894 227 1119 279 praeterea
1138 210 1307 260 consuli
1332 209 1510 275 poffunt
1531 208 1968 258 lom-Wandalinus
1995 211 2071 262 lib.
2100 230 2138 273 3.

204 288 259 334 de
286 289 382 332 iure
409 286 533 345 regio
565 293 655 347 cap.
679 297 707 331 2
727 280 787 346 sq.
813 298 856 329 et
875 299 985 346 quae
1006 297 1181 346 praeter
1200 280 1595 330 loxMarshamum
1614 295 1716 343 pag.
1742 286 1835 326 225
1862 275 1923 341 sq.
1948 281 2140 327 Canonis

206 354 433 406 chronici,
466 367 509 397 et
531 354 748 397 Ioannem
768 354 1044 414 Spencerum
1067 348 1144 395 lib.
1172 364 1206 396 1.
1230 348 1284 394 de
1307 346 1478 408 legibus
1509 347 1824 394 Hebraeorum
1854 364 1870 390 1
1891 361 1957 391 ιι.
1977 343 2145 409 3001'q.

206 424 369 470 Herm.
391 417 570 466 Witfius
594 420 798 464 oratione
820 417 873 464 de
895 418 1167 474 Theocratia
1181 413 1506 468 ‘11'1·aelitaru1n,
1537 432 1647 478 quae
1668 416 1714 459 in
1737 415 1831 459 eius
1851 408 2151 469 Miscellaneis-

206 505 248 536 et
273 503 372 534 ante
391 488 484 533 Th.
504 486 727 533 Godwini
747 483 908 533 Mosen
930 500 973 532 et
991 490 1239 537 Aaronem,
1271 482 1410 546 *latine
1433 485 1478 528 in
1501 483 1653 544 Belgio
1678 497 1720 527 et
1740 484 1923 527 Bremae
1943 478 2148 527 recusum

207 556 354 604 exstat.
426 555 655 600 Melchior
677 555 783 600 item
805 551 1122 617 Leydeckerus
1143 552 1196 612 de
1221 554 1332 614 Rep.
1352 544 1496 600 He'ffin
1521 549 1595 596 lib.
1624 553 1676 596 V.
1702 567 1735 595 c.
1765 563 1813 606 1,
1875 551 1938 597 10.
1962 548 2146 594 Iacobus

208 623 377 672 Schudt
407 621 747 686 prolegomenis
778 621 831 666 ad
863 623 1001 668 vitam
1036 620 1274 682 Iephrliae,
1310 632 1401 664 vnec
1433 633 1525 663 non
1558 618 1603 662 in
1636 614 1908 679 compendio
1939 615 2150 662 historiae

208 692 409 738 Iudaicae
427 689 480 735 ad
508 687 658 736 lustini
679 691 879 735 XXXVI.
895 705 935 733 2.
957 684 1162 734 Francof.
1187 700 1322 747 1700.
1341 693 1380 739 8.
1405 682 1577 731 Ausslor
1597 682 1910 731 dissertationis
1931 683 2149 731 deTheo-

210 760 341 805 cratia
365 754 532 803 Israelis
555 761 592 812 2,
623 756 779 810 editae,
812 771 863 802 vt
880 754 1044 820 probet
1068 752 1295 800 Christum
1314 749 1490 816 semper
1509 753 1763 815 Principem
1788 751 1934 812 gentis
1948 751 2148 798 Iudaicae

207 825 494 891 peculiariter
514 820 642 870 fuiss'e
661 823 713 869 ab
727 824 846 870 exitu
867 820 924 869 'ex
941 829 1150 886 Aegypto
1172 837 1314 882 vsque
1335 820 1387 865 ad
1405 817 1752 866 destruCtionern
1776 818 1937 881 templi
1955 811 2150 866 secundi.

209 894 389 940 Salonio
409 891 680 955 Deylingius
703 892 749 936 in
773 887 1073 936 dissertatione
1095 888 1148 934 de
1170 884 1326 933 Israele
1348 887 1541 933 Iehouae
1564 887 1783 933 Dominio
1803 886 1856 932 ad
1879 882 1939 933 Ps.
1964 889 2082 936 XIV.
2107 902 2151 937 2.

210 957 337 1025 Lipfi
361 975 500 1018 1723.
573 961 762 1003 Ioannes
776 956 986 1003 Fidalcke
1005 958 1050 1002 in
1075 953 1374 1002 differt-atione
1396 954 1731 1000 deTheocratia
1752 954 2152 1001 Iudaeorum.ibid.

218 1036 359 1086 1728.
389 1041 434 1072 et
469 1025 698 1071 Henricus
731 1022 913 1070 Hulfius
943 1025 986 1069 in
1022 1020 1326 1069 dissertatione
1358 1021 1642 1066 deIehouah
1664 1024 1790 1080 Deo,
1825 1037 1930 1081 rege
1959 1039 2006 1068 ac
2042 1024 2154 1069 duce

213 1094 400 1142 militari
425 1089 618 1145 Israelis,
659 1108 771 1154 quae
799 1093 945 1154 prima
966 1088 1027 1135 est
1049 1092 1095 1134 in
1116 1091 1220 1134 Eius
1249 1091 1575 1133 commentario
1597 1089 1645 1134 in
1669 1086 1838 1135 Israelis
1860 1087 1995 1152 prisci
2028 1107 2156 1155 prae·

212 1163 435 1224 rogatiuas
460 1177 509 1207 ac
537 1159 666 1205 bona.
699 1158 843 1219 Lugd,
867 1162 1013 1204 Batav.
1055 1169 1191 1215 1713.
1219 1171 1264 1215 4.
1298 1153 1524 1214 euulgatO.
1585 1156 1835 1217 *Henningi
1854 1158 2017 1203 Bernh.
2041 1160 2155 1206 Wit-

215 1232 301 1276 teri
324 1227 438 1274 liber
461 1227 604 1283 editus
626 1222 851 1272 Hildesiae
883 1239 965 1286 171
982 1242 1019 1270 1.
1042 1239 1086 1280 4.
1107 1223 1200 1285 ‘qui
1236 1217 1517 1276 inscribitur,
1555 1220 1663 1268 Iura
1689 1221 1985 1280 maeatarum
2007 1230 2052 1270 in
2069 1237 2157 1270 ter-

213 1295 311 1343 ram
333 1295 628 1357 Palaestinam,
664 1290 725 1339 est
756 1292 916 1357 plenus
948 1290 1187 1356 paradoxis
1221 1287 1570 1347 commentarius
1598 1289 1646 1335 in
1677 1287 1885 1337 Genesin.
1955 1291 2029 1338 Ad
2052 1309 2157 1339 eum

214 1359 548 1410 obseruationes
571 1360 782 1424 quasdam
805 1359 945 1407 edidit
976 1362 1093 1408 Ioan.
1120 1354 1494 1407 Hermannussab
1518 1355 1703 1419 Elswig.
1722 1358 1919 1406 'Witteb.
1950 1372 2088 1420 1712.
2112 1376 2157 1423 4.

211 1431 483 1478 Iudaeorum
507 1428 732 1494 populum
772 1429 820 1475 in
850 1432 1065 1492 Aegypto
1102 1439 1233 1489 atque
1266 1425 1599 1489 Aegyptiorum
1640 1425 1879 1488 tyrannide
1916 1425 2157 1474 liberatum

215 1499 326 1546 adeo
346 1495 576 1562 stupidum
599 1511 643 1543 et
666 1495 885 1543 incultum
909 1496 1029 1542 haud
1049 1490 1190 1546 fuisse,
1223 1494 1291 1539 vti
1309 1511 1331 1539 a
1353 1494 1461 1539 viris
1485 1490 1751 1556 quibuisdam
1778 1492 1922 1540 doffis
1942 1496 2155 1556 arguitur,

218 1566 407 1615 declarat
426 1560 695 1612 Edmundus
712 1560 964 1611 Dickinson
988 1564 1037 1609 in
1057 1559 1240 1626 physica
1257 1561 1399 1608 veteri
1421 1576 1463 1607 et
1485 1569 1593 1606 vera
1620 1577 1656 1607 c.
1679 1563 1796 1607 XIX.
1825 1577 1869 1609 et
1901 1565 1956 1608 D.
1977 1553 2157 1609 Salonio

218 1635 493 1698 Deylingius
524 1635 729 1680 oratione
751 1632 805 1678 de
827 1627 1124 1678 Israelitarum
1146 1630 1357 1690 ingenio,
1394 1628 1448 1675 ad
1469 1627 1633 1676 calcem
1663 1630 1801 1693 partis
1830 1648 1868 1678 1.
1892 1622 2162 1677 obseruatio-

219 1720 330 1750 num
350 1695 594 1755 sacrarum,
629 1696 750 1765 Lips.
775 1705 914 1759 1708.
936 1715 980 1761 4.
1051 1700 1120 1743 De
1146 1694 1437 1744 adolescentia
1459 1695 1748 1759 Reipublicae
1765 1694 2058 1742 Israelitarum
2079 1692 2159 1742 sub

221 1767 503 1832 temporibus
528 1768 763 1822 ludicum,
795 1766 958 1831 hisque
979 1766 1225 1829 proximis,
1265 1762 1400 1810 exstat
1428 1766 1484 1809 D.
1504 1762 1676 1822 Gustaui
1702 1765 1875 1825 Georgii
1893 1763 2083 1810 Zeltneri
2110 1762 2161 1807 li-

219 1834 302 1883 ber
324 1835 469 1899 editus
487 1832 823 1896 Norimbergae
859 1840 995 1892 1696.
1017 1840 1058 1887 8.
1081 1832 1135 1877 ad
1164 1847 1200 1879 1.
1222 1833 1362 1892 Regg.
1381 1831 1462 1879 VI.
1495 1842 1537 1874 et
1562 1825 1658 1873 A&
1680 1829 1799 1873 XIII·
1826 1842 1903 1879 20.
1936 1844 1978 1876 et
2008 1830 2165 1876 Daniel

222 1904 332 1965 Quil,
355 1903 528 1947 Molleri
559 1903 612 1949 de
642 1904 726 1951 XII
751 1900 977 1948 Iudicibus
1006 1899 1288 1950 exercitatio,
1329 1893 1542 1944 Altdorfii
1572 1908 1711 1955 1709.
1778 1897 2003 1942 Praeterea
2027 1893 2162 1943 notis-

221 1969 317 2017 fimi
340 1965 441 2015 sunt
468 1968 523 2014 de
545 1967 791 2032 Republica
811 1966 1128 2014 Hebraeorum
1163 1963 1269 2010 libri
1299 1963 1522 2028 praeclare
1549 1958 1702 2025 scripti
1729 1978 1750 2007 a
1787 1963 2000 2010 Cornelio
2023 1969 2162 2012 Bona-

222 2053 412 2091 uentura
443 2039 698 2088 Bet-tratum
739 2035 901 2080 Carolo
934 2031 1148 2098 sigonio,
1195 2033 1363 2078 Ioanne
1392 2031 1620 2093 Stephano
1654 2021 1929 2089 Menochi07
1963 2031 2163 2095 aliisque.
2247 2032 2259 2036 ”

222 2106 448 2154 Ber-:rami
476 2102 590 2149 liber
612 2102 667 2148 de
690 2100 935 2166 Republica
963 2099 1301 2151 Hebraeorum,
1339 2097 1592 2144 Theodoro
1623 2100 1760 2144 Bezae
1789 2095 2053 2162 inscriptus,
2097 2099 2163 2146 lu-

225 2190 321 2220 cem
347 2167 546 2235 adspexit
579 2171 779 2233 primum
802 2171 1012 2216 Geneuae
1038 2180 1175 2228 1574.
1201 2175 1244 2221 8.
1276 2165 1436 2212 deinde
1460 2166 1579 2210 notis
1603 2162 1839 2212 illustratus
1862 2182 1885 2211 a
1903 2165 2161 2228 Constantino

221 2241 485 2305 I’Empereur
508 2237 650 2298 Lugd.
673 2238 817 2283 Batav.
853 2241 992 2295 1641,
1022 2233 1075 2280 ab
1098 2249 1241 2297 eoque
1262 2249 1467 2298 tempore
1491 2249 1593 2278 cum
1625 2233 1758 2278 huius
1781 2234 1869 2279 viri
1892 2230 2012 2279 doffl
2042 2237 2162 2281 notis

223 2303 401 2355 recusus
426 2307 542 2359 inter
562 2306 740 2351 criticos
764 2299 909 2350 sacros
928 2301 1101 2364 Anglos
1122 2337 1134 2359 ‚
1177 2301 1377 2348 Londini
1412 2303 1613 2366 primurn
1646 2299 1808 2348 deinde
1828 2298 2164 2362 Amstelodami,

224 2390 320 2423 tum
342 2369 629 2421 Francofurti
654 2373 881 2433 vulgatos,
919 2384 1047 2437 torno
1068 2372 1192 2418 VIII.
1264 2372 1441 2416 Ioannis
1463 2365 1646 2414 Nicolai
1668 2369 1977 2416 annotationes
2002 2370 2047 2414 in
2069 2369 2159 2416 lau-

226 2445 379 2490 datum
403 2440 621 2488 Bertrarni
652 2438 855 2486 libellum
879 2454 999 2484 nunc
1027 2438 1226 2501 primum
1258 2437 1397 2484 edidit
1427 2435 1572 2498 Sigeb.
1593 2439 1930 2499 Hauercampus
1951 2432 2163 2496 Lugduni

225 2515 369 2557 Batav.
405 2523 543 2566 1740.
575 2516 615 2563 8.
687 2499 829 2554 Caroli
861 2507 1024 2571 Sigonit‘
1057 2505 1163 2551 libri
1194 2507 1271 2551 ΙΙΙ.
1303 2505 1357 2552 de
1393 2503 1634 2568 Republica
1669 2503 1982 2551 Hebraeorum
2015 2504 2165 2552 lucem
2256 2547 2258 2550 .

226 2579 379 2641 primo
402 2572 700 2638 adspexerant
721 2576 951 2622 Bononiae
983 2582 1119 2632 1582.
1139 2589 1186 2634 4.
1213 2572 1375 2620 deinde
1408 2570 1579 2636 saepius
1610 2571 1748 2636 prelis
1781 2572 1944 2616 iterum
1980 2568 2168 2619 subiefili

230 2658 327 2690 tum
348 2639 540 2696 seorsim,
562 2657 659 2689 tum
681 2642 776 2690 aliis
796 2638 938 2688 inusti
956 2637 1130 2706 scriptis
1151 2640 1204 2688 ab
1228 2642 1387 2689 eodem
1412 2640 1600 2702 Sigonio
1621 2635 1890 2705 compositis.
1955 2641 2173 2703 Denique.

290 2788 306 2808 ²
324 2779 488 2838 Journal
502 2764 685 2837 nterii-e,
714 2774 831 2828 Tomss
853 2795 890 2839 3.
918 2800 956 2842 p.
977 2795 1072 2842 473.
1091 2782 1223 2842 Hagac
1248 2784 1390 2834 Comit.
1417 2788 1467 2830 A.
1491 2794 1612 2839 1714r
1628 2788 1667 2834 8·
2060 2723 2165 2756 cum
