2263 3027
197 118 264 172 96
396 107 546 159 CAP.
586 108 670 158 111.
748 104 1422 172 ANTIQvtTATvM·
1473 105 2005 160 ROMANARVM
2207 0 2263 270 ι

197 241 330 284 Rom.
358 243 496 294 1650.
521 233 599 282 fol.
633 234 829 281 alterum
857 234 913 280 de
931 232 1162 281 veteribus
1185 235 1522 298 Aegyptiorum
1536 230 1850 281 Romanorum
1875 250 1918 282 et
1939 236 2147 285 Ghristia·
2199 249 2205 254 “
2230 243 2234 246 ’

196 323 362 352 norum
386 304 544 350 ritibus
565 306 698 349 Rom.
727 311 868 365 1644.
902 320 951 363 4.
1001 299 1209 349 Francof.
1230 312 1364 359 1681.
1402 317 1446 360 4.
1520 303 1771 349 Guillyelmus
1783 304 1911 350 Choul
1929 302 2018 350 *siue
2041 309 2145 352 Cau-

193 376 275 418 lius
301 373 470 435 (latine
491 369 756 419 Brafficanus
778 388 801 416 a
825 370 1090 435 quibusdam
1111 369 1284 429 dietus)
1332 369 1520 416 Nobilis
1544 370 1699 417 Gallus
1725 372 1811 417 iam
1827 387 1940 425 ante
1961 389 2142 423 centum
2224 364 2256 422 ’3ιῖ

195 441 520 504 quinquaginta
540 441 730 505 amplius
752 456 893 485 annos
915 439 1069 504 lingua
1088 440 1229 504 patria
1249 439 1477 499 integrum
1496 437 1694 501 Systema
1710 441 2043 504 Antiquitatum
2055 444 2143 487 Ro·
2224 431 2256 496 ,4

192 505 425 555 manarum
465 506 708 572 complesti
745 505 1032 555 constituerat
1067 507 1195 554 libris
1228 502 1405 552 XII.'vt
1434 503 1526 570 ipse
1555 524 1776 554 memorat
1808 525 1906 572 pag.
1939 524 2009 568 ¹7·
2037 509 2140 555 edit.
2221 506 2248 573 3

193 574 454 637 Vesaliensis
483 577 679 624 Gallicae
706 574 812 622 libri
843 576 898 622 de
928 575 1166 638 Religione
1198 577 1429 620 Romana:
1482 572 1555 621 sed
1588 576 1702 621 nihil
1734 575 1785 622 ab
1821 579 1914 623 eius
1935 593 2070 622 manu
2096 579 2162 622 in—

193 645 282 691 hoc
312 661 476 706 genere
508 644 560 691 ad
595 661 676 690 nos
705 646 916 708 peruenit
945 659 1122 709 praeter
1153 641 1317 688 librum
1345 643 1566 688 eximium
1602 646 1687 689 iam
1712 643 1935 690 laudatum
1962 644 2016 690 de
2040 644 2139 690 reli-

190 715 327 774 gione
350 728 551 759 veterum
575 715 888 759 Romanorum
909 749 921 768 ‚
968 713 1158 758 alterum
1187 711 1240 756 de
1261 713 1573 756 Romanorum
1604 710 1981 758 castrametatione
2009 728 2050 758 et
2077 712 2140 758 di-

189 780 375 845 sciplina
396 782 580 827 militari
602 814 612 834 ‚
660 795 703 849 qt
723 782 908 826 tertium
929 780 984 827 de
1007 780 1175 826 balneis
1198 781 1511 842 exercitiisque
1543 782 1834 843 antiquorum
1857 784 2139 827 Graecorum

187 851 358 914 Pariter
378 866 425 895 ac
444 852 757 896 Romanorum
777 882 788 902 ‚
839 850 918 911 qui
936 864 1024 895 tres
1049 847 1152 894 libri
1174 849 1309 893 variis
1336 844 1492 907 figuris
1514 864 1567 893 ex
1590 849 1898 894 monumentis
1922 864 1964 894 et
1987 850 2137 894 numis
2227 847 2263 956 l

185 919 380 981 antiquis
405 916 777 967 illustratiextant
797 917 1011 978 Lugduni
1033 922 1086 963 A.
1121 922 1261 975 1556.
1289 921 1430 975 1569.
1457 912 1537 961 fol.
1574 917 1777 980 primum
1799 916 1992 969 Gallice,
2029 917 2137 962 hinc
2219 865 2263 1037 ξ,

184 986 336 1033 Italice
366 984 508 1040 editi,
546 1000 590 1032 et
615 982 862 1049 Hispanice
887 991 937 1032 A.
967 1000 1104 1046 1579.
1157 998 1200 1029 et
1226 981 1418 1029 iunfflm
1457 984 1625 1030 iterum
1660 985 1831 1031 Gallice
1859 982 2056 1030 Vesaliae
2084 989 2135 1029 A.
2216 1013 2239 1035 ,-

192 1062 334 1109 1682.
372 1070 417 1116 4.
496 1053 674 1115 Belgice
705 1053 916 1117 deinceps
933 1056 950 1106 ‚'
1003 1068 1045 1099 et
1072 1051 1430 1114 denique-latine
1453 1050 1593 1099 Amst.
1618 1056 1670 1102 A.
1704 1059 1841 1110 ¹685·
1882 1068 1926 1115 4.
1998 1053 2135 1116 Qod
2220 1039 2239 1103 ,⁸

183 1124 365 1170 Patinus
390 1123 436 1167 in
456 1120 639 1168 historia
662 1118 979 1167 numismatum
1001 1122 1060 1167 ait
1081 1117 1125 1166 se
1148 1117 1390 1173 audiuisse,
1439 1119 1489 1167 in
1511 1121 1828 1167 Germanicam
1851 1113 2052 1181 linguam
2075 1135 2134 1165 et·
2216 1052 2240 1228 ἰ

183 1192 274 1237 iam
305 1189 509 1236 translata
538 1187 624 1236 effe
655 1190 761 1236 haec
786 1189 970 1235 Choulii
993 1185 1175 1253 scripta,
1219 1184 1399 1233 fortasse
1421 1187 1477 1232 de
1496 1187 1672 1249 Belgica
1693 1187 1898 1236 versione
1918 1189 2136 1252 accipien-

184 1259 308 1305 dum.
400 1260 532 1304 Extat
559 1273 786 1322 praeterea
805 1254 1063 1303 Thesaurus
1086 1256 1415 1319 Antiquitatum
1436 1257 1742 1302 Romanarum
1775 1256 1933 1302 itidem
1965 1256 2135 1303 Gallica
2219 1284 2232 1334 ί

181 1327 338 1389 lingua
358 1326 567 1387 vulgatus
588 1323 770 1372 annom
790 1325 965 1386 Cacfizre
987 1321 1145 1389 Egoffi’o
1166 1325 1223 1367 du
1246 1323 1408 1384 Boulay
1426 1320 1554 1370 Paris.
1589 1330 1721 1382 1651.
1758 1321 1839 1370 fol.
1929 1325 2027 1370 Iulii
2046 1326 2134 1368 Mi-

181 1396 318 1443 nutoli
348 1393 703 1440 Caelestinorum
735 1392 923 1439 Abbatis
952 1395 1155 1436 Romana
1190 1392 1445 1451 Antiquitas
1487 1387 1864 1436 dissertationibus
1899 1389 2132 1437 Historico
2223 1420 2235 1436 ,ν

181 1463 358 1508 Critieis
380 1460 588 1507 illustrata
606 1464 778 1506 Romae
808 1464 860 1506 A.
903 1462 1041 1512 1689.
1080 1464 1120 1511 8.
1178 1473 1269 1520 quo
1305 1457 1360 1502 de
1391 1455 1507 1502 libro
1539 1458 1690 1504 videas
1721 1458 1825 1504 licet
1860 1457 1967 1505 Agla
1993 1459 2130 1504 Erud.
2212 1453 2235 1494 ί

177 1535 316 1576 Tom.
332 1543 374 1578 2.
395 1527 616 1592 supplem.
646 1545 744 1592 pag.
771 1531 882 1588 565.
966 1530 1140 1586 Cyriaci
1161 1525 1325 1570 Lentuli
1343 1541 1453 1587 apex
1476 1525 1645 1586 gloriae
1667 1528 1916 1580 Romanae,
1963 1522 2051 1573 fiae
2075 1527 2131 1572 de
2218 1536 2226 1563 ἓ

179 1597 289 1644 statu
317 1599 402 1642 Rei
423 1600 652 1642 Romanae
676 1593 847 1640 summa
871 1596 916 1638 in
940 1591 1168 1656 potestate,
1201 1590 1545 1652 Magistmtibus,
1583 1592 1917 1647 iurisdiffione‚
1955 1594 2129 1647 militia,

178 1667 349 1712 ciuium
370 1664 702 1727 praerogatiua,
739 1660 869 1707 sacris
893 1676 935 1706 et
956 1657 1281 1714 sacerdotibus,
1327 1659 1378 1704 ab
1405 1659 1530 1705 Vrbe
1556 1662 1735 1707 condita
1757 1664 1838 1725 per
1858 1663 2008 1708 varios
2034 1679 2130 1708 mu-

176 1735 400 1780 tationum
423 1747 562 1794 gyros
589 1730 642 1775 ad
667 1727 813 1775 nostra
838 1731 1007 1774 Rerum
1031 1728 1406 1774 Germanicarum
1431 1743 1636 1791 tempora
1659 1727 1886 1792 pet-dusta.
1918 1725 2126 1774 Francof.

180 1810 242 1850 16
250 1808 324 1861 89.
363 1795 410 1862 4.
479 1799 564 1844 Vir
586 1795 750 1844 Clariff.
774 1796 1052 1844 Burchardus
1067 1796 1238 1859 Gothelf
1252 1798 1455 1841 Str-unius
1475 1799 1560 1841 Pro
1569 1793 1702 1842 fess'or
1722 1797 1830 1842 olim
1846 1791 2041 1851 Ienenfis
2059 1811 2128 1842 tot

177 1866 352 1934 scriptis
367 1867 496 1913 editis
520 1867 573 1912 de
586 1883 634 1912 re
649 1866 858 1912 litteraria
870 1882 916 1911 ac
932 1859 1120 1909 studiosa
1140 1865 1368 1917 iuuentute
1382 1862 1685 1910 meritissimus
1698 1867 2026 1927 Antiquitatum
2039 1867 2127 1909 Ro-

175 1953 411 1984 manarum
431 1939 672 1999 Syntagma
693 1931 933 1980 absolutius
956 1932 1162 1978 meditari
1182 1933 1352 1995 coepit,
1399 1932 1522 1977 cuius
1548 1949 1648 1995 pars
1667 1934 1812 1996 prima
1840 1938 1859 1970 5
1886 1933 1940 1978 de
1965 1931 2124 1978 ritibus

176 2004 307 2053 sacris
330 2010 465 2051 Anno
501 2018 638 2065 ¹701·
675 2003 823 2049 lucem
854 1998 1055 2065 adspexit
1076 2003 1207 2047 Ienae
1239 2016 1283 2060 4.
1321 1997 1552 2063 praemiffa
1573 1999 1848 2046 Bibliotheca
1874 2001 2124 2063 Antiquita-

176 2089 273 2121 tum
294 2072 492 2135 generali
511 2087 552 2118 et
574 2068 778 2135 speciali,
803 2063 807 2068 ’
827 2070 1005 2134 qualem
1028 2070 1161 2115 etiam
1179 2067 1360 2132 pridem
1386 2067 1626 2112 delineauit
1648 2064 1722 2113 sed
1742 2068 1828 2113 alio
1850 2069 2010 2114 ordine
2033 2084 2120 2113 me·
2207 2071 2221 2127 Δ

175 2142 412 2204 rhodoque
441 2140 523 2185 alia
552 2139 764 2206 Philippus
785 2137 966 2184 Labbeus
994 2139 1041 2183 in
1064 2133 1271 2183 Mantiffa
1300 2136 1572 2197 antiquariae
1594 2133 1895 2199 supelle'stilis.
2004 2139 2123 2199 Qa-
2147 2160 2150 2164 ·
2208 2131 2214 2142 ”

162 2227 280 2266 ‚rum
301 2224 490 2272 Vtraque
513 2224 595 2253 nos
619 2208 675 2254 ita
696 2222 878 2254 vtemur
899 2221 941 2252 et
962 2207 1050 2252 iam
1072 2203 1135 2250 vsi
1158 2202 1321 2256 sumus,
1359 2218 1409 2248 vt
1432 2221 1511 2249 nec
1536 2203 1807 2266 negligentia
1830 2206 1875 2250 in
1899 2203 2119 2256 addendo,

177 2277 444 2340 digerendO,
481 2276 881 2339 emendandoque,
925 2291 1071 2338 neque
1096 2274 1144 2318 in
1166 2269 1324 2336 supine
1350 2269 1642 2318 describendo
1663 2273 1803 2338 plagii
1819 2273 1885 2319 rei
1906 2269 2120 2336 poffimus

175 2346 336 2394 videri.
405 2345 567 2391 Nicolai
585 2344 745 2406 Cofinae
768 2343 873 2389 libri
893 2347 944 2388 X.
970 2341 1301 2404 Antiquitatum
1324 2342 1628 2387 Romanarum
1654 2347 1706 2388 A.
1736 2337 2119 2403 1594.”descripti

175 2434 199 2461 a
219 2418 302 2462 Iac.
327 2412 514 2466 Arlen0‚
554 2410 730 2465 Silesio,
767 2408 1058 2474 manuscripti
1078 2407 1262 2456 fuerunt
1284 2409 1329 2453 in
1354 2407 1628 2456 Bibliotheca
1653 2407 2036 2460 Vockerodtiana‚
2073 2423 2115 2452 v.

177 2485 271 2530 eius
293 2480 410 2528 catal.
432 2497 475 2544 p.
501 2487 610 2539 607.
630 2498 636 2501 ⁵
681 2482 793 2526 Ioan.
819 2481 903 2527 Iac.
925 2475 1138 2540 ,Bozſjizrdi
1167 2477 1447 2539 antiquitates
1473 2479 1701 2523 Romanae
1724 2479 1801 2522 IV.
1823 2477 1989 2522 Tomis
2012 2490 2117 2538 pro-

176 2550 356 2596 dierunt
373 2544 580 2596 Francof.
608 2544 874 2608 1597.‘·fol.
960 2546 1199 2607 Euulgauit
1229 2561 1411 2608 quoque
1441 2547 1486 2594 F.
1511 2549 1558 2593 G.
1589 2544 1828 2606 Westhouius
1849 2578 1859 2596 ,
1909 2540 2115 2605 syllogen

173 2617 487 2682 antiquitatum
517 2618 837 2671 Romanarum.
879 2614 1103 2662 Dordraci
1130 2629 1218 2675 173
1238 2629 1272 2662 ι.
1306 2627 1352 2674 4.
1446 2616 1657 2660 Ceterum
1692 2612 1780 2657 huc
1812 2609 2021 2676 Speffiant
2048 2612 2115 2657 M.
2186 2627 2207 2673 ,ς

1964 2681 2115 2725 Anton.

242 2777 256 2803 5
286 2770 400 2813 Conf.
422 2773 605 2814 Memoir.
626 2774 672 2813 de
694 2777 879 2818 Trevoux
897 2781 943 2820 A.
970 2750 1087 2833 17o6.
1114 2773 1270 2816 Csiobr.
1288 2788 1326 2828 p.
1351 2766 1468 2828 1736.
1492 2769 1566 2824 seq.
1598 2780 1634 2810 et
1653 2769 1812 2824 History
1830 2770 1878 2811 of
1886 2752 2112 2812 the-Works
2143 2752 2147 2755 .

167 2827 214 2870 of
228 2829 291 2870 the
312 2828 468 2871 learned
489 2832 606 2884 170'2.
626 2831 768 2884 p.605.
1220 2875 1223 2877 ,
