2263 3027
210 93 308 146 772
336 91 339 98 ·
474 94 476 96 ·
760 77 910 132 CAP.
947 79 1064 131 xv.
1138 77 1604 133 VECTicAmA.

204 203 365 254 stianus
383 204 638 254 Fridericus
659 203 1009 254 Franckenstein
1034 206 1081 253 in
1110 203 1497 256 obseruationibus
1521 205 1576 254 de
1597 204 1786 259 aerario,
1831 219 1944 269 quae
1963 206 2146 273 seorsim
2165 221 2185 241 ⁰

202 277 406 340 primurn
431 274 572 320 editae
594 269 786 337 Lipfia'e,
824 273 988 322 deinde
1019 289 1201 323 curante
1239 279 1300 322 Io.
1334 277 1538 337 Georgio
1561 275 1760 322 Graeuio
1793 272 1968 322 recusae
2003 278 2147 326 Vltra·

206 340 309 389 ieffl
339 356 543 405 ¹70¹·4·
568 344 614 388 in
641 339 919 405 syntagmate
953 345 1180 391 variarum
1202 341 1364 392 differt.
1397 361 1497 408 pag.
1523 353 1619 404 632
1640 339 1715 407 sq,·
1771 342 2001 389 Ratbodus
2032 348 2150 391 Her.

204 426 396 457 mannus
416 410 616 457 Schelius
637 411 684 456 in
706 409 1007 459 dissertatione
1028 411 1085 459 de
1111 411 1281 459 tributo
1305 426 1349 459 et
1375 413 1543 459 aerario
1562 447 1574 467 ‚
1611 406 1762 458 recusa
1790 424 1918 457 tomo
1946 426 2019 460 10.
2050 412 2150 459 the-

204 474 320 524 sauri
341 480 584 525 Graem'ani
613 495 713 542 pag.
745 492 884 539 1223.
952 477 1130 528 Christi.
1162 483 1389 537 DonatuS‚
1434 481 1558 527 cuius
1595 479 1854 527 exercitatio
1888 479 1943 526 de
1979 480 2148 527 aerario

205 562 397 593 romano
417 547 599 612 prodiit.
624 545 808 595 Witteb.
837 553 977 605 1670.
1056 552 1202 595 Henr.
1223 547 1492 595 Dodwellus
1513 544 1802 611 praeleffion.
1829 546 2150 595 Cambdenian.

204 631 304 679 pag.
340 628 438 676 457
472 629 515 660 et
544 631 640 674 ⁶709
675 613 766 679 sqq.
840 615 1038 663 Adamus
1068 616 1257 662 Colerus
1288 620 1464 678 Parerg.
1499 610 1608 662 iuris
1648 632 1740 679 cap.
1770 626 1845 664 28.
1923 618 2150 662 Fet-ratius

205 681 392 746 Epistol.
434 699 532 746 pag.
565 701 654 731 221
692 680 787 748 sqq.
819 681 974 731 anaor
1007 689 1305 748 Anonymus,
1349 685 1428 750 qui
1455 684 1628 745 anglice
1660 682 1822 734 edidit,
1858 683 1906 728 in
1935 684 2146 744 gallicum

203 750 368 798 deinde
386 746 649 797 sermonum
679 751 936 798 translatas:
982 755 1247 815 Remarques
1260 753 1346 814 fiir
1381 751 1748 813 l'admimstration
1780 752 1848 795 des
1867 749 2053 811 finances
2080 753 2149 797 des

203 821 431 878 Romaim,
470 835 581 882 quae
606 817 791 867 insertae
811 816 912 866 sunt
932 832 1059 866 tomo
1079 823 1232 885 primo
1262 818 1480 884 sylloges,
1517 820 1699 865 Recueil
1733 818 1809 864 des
1838 820 1986 882 pieces
2019 819 2149 865 d’Hi-

204 885 340 933 stoire
361 901 404 933 et
424 886 480 933 de
501 890 795 941 Litterarum,
831 886 1001 934 Pariliis
1028 895 1168 950 1738.
1195 896 1234 944 8.
1267 904 1312 952 p.
1339 903 1445 950 103.
1473 902 1515 932 et
1541 886 1795 933 Alexander
1815 886 1868 931 ab
1892 887 2147 932 Alexandro

206 954 369 1017 genial.
394 955 503 1001 dier.
526 953 602 1005 lib,
624 970 666 1000 et
689 972 781 1018 cap.
807 968 850 1004 2.
889 954 971 1001 vbi
991 958 1125 1002 etiam
1147 956 1202 1002 de
1224 953 1528 1018 quaestoribus
1556 971 1807 1017 eorumque
1837 951 1992 1000 scribis
2025 969 2068 1001 et
2098 956 2150 1004 in

203 1038 367 1068 eorum
390 1023 542 1068 locum
560 1021 613 1068 ab
637 1021 835 1083 Augusto
859 1021 1108 1069 constitutis
1136 1021 1430 1087 praetoribus
1447 1023 1626 1076 aerarii,
1667 1022 1722 1067 de
1751 1021 1911 1084 quibus
1943 1018 2062 1086 Lips.
2094 1021 2149 1069 ad

203 1091 353 1137 Tacit.
384 1089 460 1136 lib.
492 1105 563 1152 13.
594 1091 753 1138 Annal.
832 1090 972 1153 Qod
998 1092 1046 1136 in
1075 1090 1327 1154 prouinciis
1362 1103 1679 1153 procuratores
1708 1085 1921 1142 Caesaris,
1961 1091 2007 1135 in
2036 1089 2150 1148 vrbe

205 1155 393 1205 fuerunt
424 1154 637 1222 praefefi‘ti
669 1158 841 1205 aerarii.
913 1157 1030 1203 Vide
1063 1155 1332 1204 Briffonium
1360 1160 1438 1202 ΙΙΙ.
1468 1166 1524 1211 18
1561 1171 1604 1202 et
1635 1172 1709 1214 19.
1743 1154 1989 1220 antiquitat.
2024 1159 2148 1211 iuris,

204 1228 284 1289 qui
312 1227 442 1272 etiam
468 1227 521 1271 de
544 1240 837 1289 procuratore
856 1226 920 1271 rei
944 1227 1144 1290 priuatae
1166 1241 1209 1272 et
1232 1226 1288 1273 de
1308 1221 1398 1272 fisci
1419 1238 1613 1288 patrono
1638 1224 1861 1270 videndus
1890 1238 2148 1274 c.20et21.

202 1297 275 1341 De
298 1292 590 1355 veE'tigalibus
615 1295 781 1340 veteris
800 1295 970 1340 Romae
991 1309 1169 1358 praeter
1196 1292 1398 1359 Lipsiuni
1422 1292 1498 1338 lib.
1522 1308 1563 1340 2.
1591 1294 1645 1338 de
1667 1293 1979 1353 magnitudine
2004 1310 2148 1339 roma-

203 1377 284 1415 na,
323 1362 565 1424 Bulengeri
588 1363 1018 1409 commentationem
1040 1362 1192 1427 paullo
1212 1378 1313 1409 ante
1332 1361 1548 1408 laudatam
1565 1395 1575 1414 ‚
1615 1375 1659 1407 et
1678 1361 1916 1407 Pancirolli
1945 1358 2149 1408 obserua-

202 1430 350 1476 tiones
382 1433 459 1475 111.
487 1445 560 1493 31.
595 1431 820 1477 variarum
851 1429 1115 1484 leffionum,
1147 1429 1282 1478 exstat
1310 1432 1445 1476 etiam
1478 1431 1670 1478 eximius
1705 1427 1819 1474 liber
1851 1433 1903 1475 V.
1936 1431 1986 1477 C.
2027 1430 2147 1476 Petri

199 1500 471 1554 Burmanni,
507 1499 652 1546 editus
674 1500 877 1563 primum
907 1497 1106 1545 Traieffi
1137 1499 1190 1544 ad
1220 1499 1430 1546 Rhenum
1462 1505 1603 1558 1694.
1635 1513 1704 1543 ¹2.
1732 1512 1775 1543 et
1795 1496 1956 1543 deinde
1977 1495 2146 1544 aufflus

202 1563 381 1612 recusus
403 1567 546 1628 Lugd.
566 1571 706 1614 Batav.
727 1581 865 1628 1734.
887 1574 933 1622 4}
956 1584 1004 1613 ac
1023 1563 1211 1613 insertus
1232 1582 1360 1613 tomo
1378 1568 1531 1630 primo
1553 1563 1906 1629 supplementor.
1931 1582 1952 1611 a
1976 1566 2145 1611 Poleno

205 1634 432 1681 editorum
448 1668 465 1689 ,
501 1651 600 1699 pag.
626 1651 683 1692 9¹
707 1651 747 1688 t„
777 1634 832 1681 dc
856 1651 947 1698 quo
972 1631 1240 1682 consulenda
1253 1633 1361 1682 Asta
1382 1633 1677 1680 Eruditoru'm
1701 1643 1836 1691 1695.
1859 1650 1956 1697 pag.
1979 1642 2064 1693 178
2077 1630 2142 1696 sq.

205 1715 250 1748 et
288 1716 424 1762 1737.
458 1719 557 1767 pag·
591 1709 686 1760 489
708 1700 770 1766 sq.
848 1706 918 1749 De
949 1700 1159 1765 vePtigali
1193 1700 1396 1750 salinario
1433 1698 1614 1748 Pitiscus
1641 1701 1694 1748 ad
1724 1701 1876 1747 Aurei,
1907 1700 2144 1746 Vifiiorem

203 1785 308 1833 pag.
333 1780 397 1831 64
417 1786 458 1817 et
485 1781 588 1825 185.
656 1774 726 1817 De
748 1769 961 1832 veffigali
982 1773 1239 1818 meretricio
1265 1770 1355 1816 fiue
1386 1767 1687 1830 chrysargyro
1711 1767 1955 1813 Bandurius
1985 1766 2038 1812 ad
2072 1784 2144 1813 an-

202 1839 429 1900 tiquitates
449 1836 962 1902 Constantinopolitanas
984 1855 1082 1902 pag,
1099 1845 1209 1901 644.
1285 1841 1350 1882 Io.
1376 1836 1598 1881 Henelius
1620 1838 1663 1880 in
1694 1836 1786 1878 otio
1811 1831 2143 1881 Vratislauienfi

207 1922 301 1969 cap.
329 1918 403 1962 50.
477 1903 703 1950 Salmasius
726 1906 778 1950 ad
813 1909 879 1951 ius
904 1909 1099 1952 Atticum
1134 1922 1177 1968 p.
1200 1918 1298 1963 259
1322 1901 1383 1965 sq.
1425 1917 1467 1948 et
1501 1900 1645 1947 Defid.
1668 1901 1891 1947 Heraldus
1918 1902 2141 1962 animadv.

205 1973 260 2020 ad
286 1969 479 2018 Salinasii
502 1969 716 2018 obseruat.
741 1989 783 2035 p.
815 1987 920 2031 393.
993 1975 1061 2017 De
1089 1973 1369 2021 columnario,
1405 1969 1595 2031 ostiario,
1634 1969 1756 2032 quod
1777 1968 1831 2014 de
1853 1970 2074 2016 columnis
2097 1983 2141 2017 et

205 2038 327 2087 ostiis
347 2037 627 2100 exigebatur,
664 2040 770 2085 vide
800 2042 1066 2102 interpretes
1095 2038 1147 2084 ad
1169 2035 1396 2083 Caesarem
1424 2040 1501 2085 111.
1530 2051 1601 2096 32.
1625 2038 1685 2082 *de
1717 2036 1835 2082 bello
1869 2038 2003 2085 ciuili.
2075 2041 2141 2084 De

203 2103 500 2173 szgestmap'ro
521 2107 849 2166 manumissione,
888 2115 997 2169 quae
1021 2123 1075 2152 ex
1097 2123 1145 2152 ea
1166 2107 1355 2169 pecunia
1376 2102 1653 2160 soluebarur,
1687 2099 1818 2167 quam
1840 2100 1954 2152 serui
1974 2120 2046 2150 aut
2067 2105 2142 2151 alii

203 2176 408 2241 patronis
428 2171 662 2220 seruorum
679 2208 691 2225 ,
727 2174 928 2220 libertate
958 2174 1227 2220 donatorum
1243 2207 1252 2225 ,
1292 2172 1450 2218 dabant
1475 2169 1728 2219 consulatur
1762 2174 1910 2236 Scipio
1931 2170 2141 2219 Maffcius

203 2247 248 2291 P.
279 2262 317 2289 1.
347 2246 552 2288 Veronae
572 2241 807 2288 illustratae
836 2259 934 2305 pag.
957 2254 1067 2297 224.
1145 2241 1441 2288 Alexandriae
1485 2243 1615 2287 etiam
1639 2240 1865 2302 Astrologi
1885 2239 2142 2304 pendebant

203 2308 523 2370 βλακεννόμιοιι
550 2308 665 2372 quasi
688 2307 879 2372 vegiigal
901 2307 1152 2363 stultorum,
1193 2309 1315 2372 quod
1336 2327 1357 2354 a
1382 2307 1519 2354 stultis
1539 2307 1899 2363 consulerentur,
1934 2323 1982 2353 vt
1999 2305 2140 2355 refert

205 2378 465 2444 Apostolius
488 2381 539 2422 V.
565 2381 640 2437 65.
664 2377 877 2442 prouerb.
950 2380 1019 2423 De
1042 2374 1294 2442 Vespafiani
1327 2379 1485 2441 imper.
1515 2373 1726 2438 vestigali
1755 2375 1977 2427 vrinario,
2015 2374 2140 2438 quod

205 2447 419 2493 Fullones
439 2461 524 2510 pro
548 2446 822 2506 colligenda,
864 2448 910 2491 in
943 2443 1095 2509 politis
1113 2462 1197 2509 per
1217 2449 1480 2509 angiportus
1501 2447 1758 2508 amphoris,
1792 2444 1946 2494 vrina,
1982 2443 2036 2489 ad
2060 2460 2141 2506 po·
2189 2456 2191 2458 ’
2250 2443 2253 2468 ”

204 2504 395 2565 liendas,
432 2514 731 2568 increrandas‚
769 2513 987 2561 durandas
1019 2528 1063 2558 et
1094 2513 1345 2577 purgandas
1370 2512 1510 2559 vestes
1536 2510 1710 2560 soluere
1741 2510 2009 2566 iubebantur
2034 2511 2142 2558 vide

208 2597 320 2644 quae
342 2583 435 2624 Viri
461 2579 583 2627 dosii
615 2582 668 2627 ad
685 2585 863 2627 Sueton.
886 2583 931 2626 in
953 2580 1149 2641 Caligula
1172 2599 1261 2645 cap.
1284 2597 1362 2643 40.
1384 2578 1560 2644 Vespas.
1583 2598 1679 2644 cap.
1703 2593 1778 2641 23.
1848 2579 2068 2624 Henelius
2090 2581 2140 2626 in
2177 2627 2182 2634 ,
2247 2573 2250 2605 ²

207 2650 301 2695 otio
327 2649 501 2692 Vratisl.
530 2665 621 2712 cap.
643 2662 720 2711 32.
790 2646 942 2694 Caesar
964 2651 1171 2694 Zarottus
1194 2652 1238 2694 in
1268 2650 1438 2696 medica
1461 2649 1679 2694 Martialis
1697 2643 1958 2692 traPmtione
1979 2649 2139 2693 Venet.
2186 2655 2188 2658 ’
2243 2700 2246 2716 .

213 2724 353 2777 1657.
375 2727 419 2775 4.
448 2730 541 2778 cap.
563 2731 640 2773 24.
725 2717 975 2764 Bernardus
1004 2717 1296 2766 Ramazzinus
1324 2718 1381 2766 de
1410 2715 1584 2766 morbis
1615 2710 1837 2762 artificum
1865 2729 1961 2779 cap.
1991 2729 2063 2773 15.
2094 2726 2140 2760 et

2011 2784 2150 2852 Hen3.
2204 2809 2206 2811 ·

2239 2850 2242 2897 l

2238 2919 2240 2953 l
