2263 3027
213 79 311 134 870
800 66 950 119 CAP.
985 38 1176 121 xviii}
1231 65 1574 120 lelGNIA:

217 202 428 247 Attamen
457 195 661 244 nondum
688 191 887 243 constare
916 193 1108 243 affirmat
1135 194 1364 243 Arnoldus
1394 192 1648 241 Buchelh'us
1672 192 1869 260 Epistola
1895 198 1948 244 ad
1964 203 2145 255 Petrum

215 270 504 319 Scriuerium,
527 267 643 311 inter
656 262 897 326 insignium
920 267 1140 311 Virorum
1160 262 1376 328 Epistolas
1397 264 1534 310 editas
1550 281 1571 309 a
1586 267 1639 308 V.
1655 265 1713 309 C..
1727 267 1810 310 Ian„
1833 269 1954 313 Guil.
1977 274 2145 321 Meelio

212 351 256 399 p.
280 343 379 390 ¹28·
404 349 504 380 ante
524 349 688 380 annum
709 351 731 378 a
754 331 931 379 Christo
956 348 1058 379 nato
1083 330 1366 378 millesimum
1393 332 1681 377 haereditaria
1702 332 1940 381 obtinuisse
1960 335 2154 388 familia:

210 419 311 448 rum
333 400 540 463 insignia3
580 417 774 464 quorum
798 404 1021 463 originem
1044 397 1350 447 Casanouanus
1374 402 1418 445 in
1445 398 1710 461 Originibus
1741 402 1923 449 Gallicis
1950 402 1992 435 ¹⁶
2020 424 2145 471 repe.

211 472 266 515 tit
288 488 308 515 a
330 467 485 516 saeculi
509 470 673 515 decimi
695 484 923 522 extreme,
947 468 1048 515 'siue
1069 466 1351 533 temporibus
1375 472 1586 528 Hugouis
1613 471 1766 532 Capeti
1798 471 1968 518 Galliae
1987 477 2144 537 Regis,

212 534 291 584 sub
314 554 403 600 quo
426 535 557 584 feuda
578 537 867 584 haereditaria
883 534 966 583 esse
987 552 1235 601 coeperunt
1259 552 1302 582 et
1315 536 1624 599 expeditiones
1649 539 1862 584 cruciatae
1885 542 1931 585 in
1950 541 2145 589 Palaesti-

208 603 512 668 nam-suscipi,
546 606 668 669 quod
690 607 820 653 etiam
844 603 1060 670 probatur
1081 604 1307 667 Stephano
1333 605 1510 650 Baluzio
1545 607 1589 650 in
1615 603 1813 651 Historia
1846 609 2144 671 Genealogica

204 675 465 736 Principum
491 674 749 720 Aruerniae.
822 674 939 720 Vide
958 688 1001 720 et
1021 671 1278 719 Siluestrum
1303 672 1356 717 de
1377 675 1501 717 Petra
1514 670 1667 720 Sangia
1686 675 1725 719 S.
1742 676 1769 718 Ι.
1787 673 1840 719 de
1860 672 2026 723 tesseris
2039 695 2144 739 gen·

205 740 349 786 tilitiis
372 743 501 788 Rom.
527 749 662 799 1638.
686 739 762 787 fol.
833 745 956 788 Inter
978 738 1216 787 Pontifices
1234 742 1434 804 primum
1459 737 1736 786 Bonifacium
1753 745 1874 790 VIII.
1900 747 1941 780 17
1964 744 2143 806 insigni-

202 807 284 854 bus
306 806 432 854 Vsum
455 806 538 855 esse
560 806 840 856 obseruatum
867 808 939 855 est,
1009 807 1393 870 Insigniavrbium
1412 824 1523 871 quae
1546 811 1833 874 «γνορίσμοιτοι
1858 812 1943 860 τῶν
1967 812 2142 863 πόλεων

200 891 333 922 vocat
353 879 598 940 Procopius
621 876 753 939 lib.4.
778 879 1110 929 Gothicorum,
1150 890 1369 922 memorat
1394 877 1650 936 Antigonus
1670 876 1895 939 Carystius
1911 896 1944 925 c.
1969 896 2036 940 ¹5·
2055 898 2144 928 me·

199 943 371 990 morab.
443 951 590 1007 Atque
612 944 666 991 de
697 945 918 991 eiusmodi
939 943 1099 1005 insigni
1122 941 1404 990 Casaubonus
1426 946 1473 989 in
1495 942 1839 990 Cafaubonianis
1869 963 1910 1008 p.
1934 963 2038 1010 141.
2069 950 2141 994 in.

197 1011 382 1072 telligit,
423 1012 546 1074 quod
566 1013 817 1076 Imperator
831 1013 1086 1059 Hadrianus
1108 1008 1239 1075 super
1258 1011 1409 1058 Aeliae
1429 1026 1608 1075 portam
1631 1010 1744 1058 iuffit
1767 1009 1853 1058 suis
1870 1011 2014 1061 foetae
2027 1018 2141 1080 poni

197 1076 505 1135 simulacrum,
525 1077 630 1126 teste
653 1078 843 1126 Eusebio
873 1083 918 1126 in
951 1081 1120 1134 Chron.
1152 1080 1333 1125 Baronii
1361 1078 1412 1124 ad
1446 1085 1498 1125 A.
1524 1082 1572 1124 C.
1606 1094 1697 1139 ¹37.
1743 1082 1919 1141 Regum
1941 1081 2140 1146 Assyrio-

196 1163 299 1192 rum
323 1146 492 1208 insigne
520 1143 606 1192 fuit
635 1145 865 1201 columba,
910 1147 1014 1212 vide
1045 1148 1314 1211 interpretes
1343 1146 1395 1192 ad
1428 1149 1510 1192 Ier.
1532 1148 1670 1200 XXV,
1697 1153 1769 1204 38.
1811 1162 1853 1193 et
1884 1150 2053 1198 Pinedo
2083 1152 2139 1199 ad

199 1215 474 1278 Stephanum
501 1218 603 1277 Byz.
627 1230 669 1277 p.
689 1222 793 1277 584.
842 1214 1013 1261 Plinius
1035 1217 1159 1270 VIII,
1185 1231 1265 1277 42.
1295 1230 1442 1269 notat,
1477 1214 1780 1278 Bucephalum
1804 1214 2142 1266 Alexandrivo-

198 1296 343 1327 catum
373 1279 459 1327 effe
487 1279 576 1327 siue
603 1281 655 1327 ab
683 1279 859 1346 aspePtu
889 1298 1047 1338 toru0‚
1086 1280 1175 1329 siue
1202 1281 1255 1329 ab
1283 1281 1446 1345 insigni·
1475 1284 1640 1328 taurini
1670 1284 1848 1347 capitis,
1895 1279 2140 1343 armo'im-

198 1347 345 1412 preffi.
396 1349 658 1412 Catalogum
683 1352 1010 1414 plerorumque
1033 1354 1239 1397 omnium
1264 1348 1559 1416 scriptorum,
1591 1351 1670 1414 qui
1690 1353 1745 1398 de
1771 1357 1881 1397 Arte
1903 1355 2153 1413 Heraldica'

189 1418 370 1471 Latine,
413 1417 606 1472 Gallice,
654 1419 825 1472 Italice,
873 1420 1061 1481 Anglice
1099 1416 1392 1484 scripserunt,
1430 1422 1637 1466 Oxoniae
1678 1429 1830 1482 1674.»
1849 1434 1893 1480 4.
1936 1424 2139 1484 vulganit

187 1489 341 1546 Agora
363 1486 544 1549 quidam
560 1520 570 1539 ‚
610 1488 681 1532 cui
705 1488 835 1533 etiam
858 1503 1035 1551 praeter
1058 1487 1158 1534 illos
1179 1504 1292 1550 quos
1311 1504 1534 1534 memorat
1548 1488 1733 1534 Carolus
1755 1487 2012 1557 Ariiditisin
2027 1490 2137 1542 Bibl.

190 1553 380 1599 Politico
404 1554 666 1610 Heraldica‚
703 1553 908 1601 Rostoch.
942 1572 1078 1615 ¹705·
1102 1556 1368 1617 avulgata,
1409 1556 1540 1602 multi
1565 1554 1616 1601 ab
1638 1555 1723 1602 illo.
1750 1557 1986 1620 praecipue
2019 1573 2135 1605 tem-

187 1636 300 1682 pore
322 1622 428 1667 editi
450 1623 632 1683 adiungi
656 1621 844 1686 possent,
868 1628 1064 1686 quorum
1087 1621 1305 1685 insignem
1334 1640 1573 1684 numerum
1590 1623 1907 1687 ,deprehendes
1929 1627 1974 1674 in
1990 1629 2135 1689 Leng-

186 1687 262 1733 leti
287 1688 346 1733 du
374 1693 580 1753 Fresnoy
610 1691 810 1752 catalogo
844 1688 1141 1756 scriptorum,
1186 1708 1319 1755 quem
1353 1692 1572 1753 methodo
1603 1690 1812 1751 historiae
1844 1688 1942 1754 suae
1965 1691 2133 1750 'suffixit
2173 1714 2181 1720 ·

185 1751 286 1801 sest.
312 1765 383 1813 58.
405 1774 456 1803 ex
481 1759 678 1804 editione
700 1757 910 1823 Lipsiensi
934 1760 1255 1813 Menkeniana‚
1291 1757 1367 1819 sed
1389 1777 1530 1823 quum
1547 1757 1798 1806 institutum
1821 1757 2023 1811 nostrum
2037 1759 2123 1806 alio

184 1838 268 1869 nos
290 1839 444 1877 vocet,
486 1826 559 1871 hic
594 1829 726 1891 capiti
747 1824 968 1891 praesenti
991 1826 1129 1890 finem
1151 1829 1448 1892 imponimuS.

253 2009 288 2034 ¹⁶
316 2011 415 2051 Vide
440 2011 519 2051 illas
541 2012 579 2051 in
607 2013 737 2050 Armes
766 2022 802 2051 et
829 2012 1005 2051 Herault.
1064 2013 1124 2050 De
1155 2021 1332 2063 tempore
1361 2021 1488 2050 autem
1524 2023 1599 2062 quo
1632 2020 1893 2051 torneamenta
1924 2009 2002 2051 siue
2028 2013 2126 2053 Ludi

176 2066 364 2117 ⁴equestres
397 2066 627 2118 frequentari
655 2077 884 2119 coeperunt,
920 2066 1062 2106 saeculo
1092 2068 1138 2104 X.
1171 2067 1254 2119 post
1282 2066 1475 2106 Christum
1502 2078 1655 2121 natum,
1687 2066 1772 2104 vide
1808 2068 2009 2108 memorias
2032 2071 2126 2107 Tre-

178 2123 342 2161 uoltinas
363 2126 417 2170 A,
438 2123 555 2176 1706.
581 2135 662 2175 pag.
689 2135 793 2176 1597
814 2120 865 2174 sq.
926 2125 1030 2161 Tum
1051 2123 1214 2174 primum
1239 2122 1393 2173 coepisse
1417 2120 1581 2173 vsurpati
1605 2121 1797 2160 arbitr-aria
1824 2133 1860 2161 et
1882 2137 1991 2176 vaga,
2022 2124 2124 2164 dein-

178 2176 227 2215 de
251 2174 324 2215 fixa
358 2186 464 2216 notat
492 2176 763 2230 papebrochius
785 2187 877 2216 tom.
903 2190 937 2218 2.
963 2178 1090 2216 Actor.
1115 2177 1231 2217 San&
1257 2178 1355 2215 Iunii
1387 2191 1469 2229 pag.
1493 2179 1583 2229 561.
1655 2176 1721 2216 Ast
1739 2177 1884 2218 Celsus
1912 2181 2125 2220 Cittadinus

176 2234 216 2271 in
237 2232 334 2271 libro
349 2260 358 2278 ,
388 2231 468 2271 dell'
483 2233 680 2272 Aneickn‘ta
699 2234 786 2271 delle
805 2234 914 2272 Armi
946 2233 1170 2279 Gentilizie‚
1195 2234 1265 2285 'qui
1288 2232 1369 2286 post
1396 2244 1558 2272 mortem
1584 2233 1662 2272 eius
1692 2246 1778 2271 cum
1801 2239 1896 2273 notis
1924 2234 2048 2274 editus
2071 2235 2126 2276 est
2141 2256 2163 2259 *⁷

176 2302 194 2326 a
218 2289 361 2327 Ioanne
383 2288 590 2327 Guilielmo
622 2289 722 2327 Carli
747 2290 885 2327 Luccae
914 2299 1032 2342 1741.
1057 2292 1096 2335 8.
1124 2287 1280 2344 infignia
1311 2288 1557 2329 haereditaria
1578 2289 1650 2340 iam
1671 2288 1773 2343 apud
1796 2290 1961 2330 Graecos
1983 2292 2123 2342 Roma,-

176 2355 326 2395 nosque
344 2344 384 2382 in
411 2341 471 2383 vsu
495 2342 600 2383 fuiss'e
621 2343 808 2396 perhibet.
1472 2371 1475 2373 -

244 2443 279 2473 ²⁷
308 2442 540 2495 Menagiana
559 2452 665 2482 tomo
685 2454 720 2484 2.
746 2455 828 2497 pag.
844 2452 945 2486 202.

1868 2716 2164 2807 CAR.
2238 2712 2240 2720 '
