2263 3027
432 95 986 151 GEOGRAPHIA
1039 97 1702 152 ECCLE51AST1CA‚
1921 113 2038 163 *207

142 230 163 249 ⁵
192 257 198 263 f
250 225 371 271 XVI.
403 214 478 270 'De
497 222 622 270 vrbis
649 224 820 268 Romae
851 218 1149 286 descriptione
1188 220 1352 270 disturi
1381 225 1524 288 capite
1553 227 1792 289 proximo,
1835 228 1883 272 in
1900 242 2033 291 prae·

104 289 219 340 senti
245 289 575 353 subiungemns‘
592 286 852 353 scriptores,
898 307 964 347 ex·
982 289 1145 352 quibus
1177 291 1422 338 haurienda
1441 290 1502 338 est
1530 294 1688 339 notitia
1714 295 2032 357 Geographiae

103 362 270 406 veteris
293 356 605 408 ecclesiasticae,
629 371 844 419 quatenus
865 356 940 403 iila
962 373 1044 421 per
1055 359 1390 415 Pati-iarchatus,
1410 361 1708 425 Metropoles‚
1722 358 2032 425 Archiepisco-

98 442 228 491 patus
241 441 284 473 et
294 423 582 490 Episcopatus
608 421 918 485 distinguitur:
955 423 1031 470 vbi
1051 426 1204 488 primo
1227 425 1326 472 loco
1350 428 1642 474 memoranda
1663 426 1722 474 est
1736 429 2028 492 Geographia

104 491 234 545 sacra,
249 509 380 557 quam
394 509 495 539 cum
510 489 740 538 veteribus
750 495 928 537 Notitiis
936 492 1250 558 Episcopatmmz
1262 496 1444 540 Graecis
1459 496 1717 558 Latinisque
1729 513 1782 542 ex
1795 495 2028 542 recondita

99 560 478 608 Bibliothecarum
507 575 628 623 penu
663 557 860 606 collestis
889 559 1031 606 edidit
1060 561 1232 606 Carolus
1251 578 1277 605 a
1295 563 1338 609 S.
1362 563 1526 616 Pau-llo,
1580 560 1829 628 Episcopus
1860 562 2030 609 Abrin-

101 627 253 684 cenfis,
288 623 585 688 Parifit641.
616 623 698 674 fol.
745 627 792 673 in
816 642 907 690 quo
931 643 1083 692 opere,
1130 644 1224 674 non
1246 626 1395 674 vbiuis
1417 645 1541 676 antea
1565 630 1718 685 obuio,
1756 628 1831 676 sed
1852 624 2032 677 nouiffi-

101 712 177 743 me
208 695 366 742 additis
396 692 626 741 Holstenii
665 693 1123 741 animaduersionibus
1165 695 1307 741 nitide
1341 694 1494 742 recuso
1532 696 1714 750 Amstel.
1752 711 1893 762 1704.
1946 695 2028 744 fol.

100 763 249 809 variae
276 763 502 808 variarum
534 772 724 808 aetatum
768 758 930 828 τάξεις
965 759 1250 826 Episcopales
1278 759 1558 810 reseruntur:
1620 782 1873 829 quanquam
1905 764 2028 813 Guil.

98 831 383 892 Beueregius,
417 830 497 893 qui
518 831 565 874 in
587 831 706 875 notis
727 830 779 875 ad
800 827 1076 893 synodicum
1093 845 1305 891 magnum
1326 848 1372 895 p.
1407 848 1421 876 1
1437 847 1510 890 35.
1531 830 1574 878 ss‘.
1610 832 1800 880 similem
1820 834 2031 880 notitiam

98 899 214 945 circa
234 914 269 945 a.
290 900 337 944 C.
353 903 464 956 891.
498 915 520 942 a
539 894 694 958 Basilio
719 896 1027 943 Ialimbanenfi
1051 895 1370 963 compositam,
1416 899 1578 953 edidit,
1625 915 1771 954 notat,
1815 900 2030 957 Carolum

97 982 193 1012 non
221 960 398 1030 semper
427 965 598 1029 optima
627 960 721 1011 fide.
743 962 900 1027 egisse,
940 962 1023 1012 'sed
1046 962 1276 1011 Pontificis
1307 968 1487 1015 romani
1516 965 1755 1014 ambitioni
1784 968 1891 1014 hinc
1924 967 2030 1015 inde

95 1028 247 1080 lit-affe.
345 1031 419 1080 Ad
441 1034 648 1079 notitiam
668 1028 782 1079 sedis
806 1032 1148 1090 Alexandrinae,
1185 1033 1360 1095 qualem
1374 1034 1585 1096 ,vulgauit
1603 1037 1885 1098 Bemregius,
1923 1050 2030 1100 ope-

98 1117 173 1147 rae
204 1100 402 1164 pretium
426 1098 491 1147 est
527 1099 688 1147 addere
727 1098 1064 1147 obseruationes
1094 1099 1259 1162 Eusbbii
1285 1104 1527 1149 Renaudoti
1542 1137 1554 1157 ‚
1604 1101 1773 1150 coll'est.
1811 1103 2031 1166 liturgiar.

99 1167 301 1215 oriental.
332 1171 392 1216 T.
420 1185 455 1217 ι.
479 1184 534 1232 1p.
551 1183 666 1228 4245·
686 1165 732 1216 ff.
835 1167 1016 1215 Exstant
1044 1185 1227 1232 quoque
1249 1171 1385 1215 Lucae
1405 1171 1605 1233 Holstenii
1625 1169 2030 1218 animaduersiones

95 1232 362 1301 posthumae
388 1235 444 1282 ad
478 1237 629 1283 Caroli
649 1253 673 1282 a
692 1238 732 1282 S.
752 1236 905 1283 Paullo
940 1237 1278 1300 Geographiam
1299 1236 1655 1295 Ecclesiasticam
1687 1239 1828 1286 editae
1857 1234 2031 1286 Romae

96 1308 153 1350 A.
187 1305 330 1351 1666.
369 1310 412 1360 8.
486 1319 594 1365 quas
622 1304 671 1349 in
694 1303 907 1369 xeditione
939 1305 1275 1367 Geographiae·
1298 1304 1694 1352 Amstelodamenfi
1725 1306 1913 1354 adieE'cas
1945 1303 2031 1353 effe

98 1369 187 1415 iam
211 1366 393 1414 digium
412 1365 486 1412 est.
584 1371 639 1413 In
660 1367 824 1427 eodem*
853 1383 1119 1428 argumento
1144 1371 1383 1430 diligenter
1407 1371 1603 1419 versatus
1633 1372 1693 1419 est
1710 1373 1922 1421 Aubertus
1943 1373 2031 1422 Mi-

97 1451 233 1481 racus‘
245 1433 345 1480 libr.
373 1449 412 1492 ς.
448 1433 504 1480 de
529 1436 686 1481 notitia
709 1432 1045 1499 episcopatuum
1077 1433 1200 1480 orbis
1224 1436 1474 1493 christiani,
1519 1456 1715 1500 quorum
1747 1441 1891 1486 tribus
1908 1443 2030 1504 prio·

96 1502 222 1548 ribus
242 1517 440 1548 veterem
464 1502 800 1565 Geographiam
825 1500 1149 1548 ecclesiasticam
1171 1518 1214 1548 et
1232 1504 1514 1551 Prouinciale
1535 1509 1791 1553 Romanum
1813 1513 1868 1556 A.
1889 1522 1907 1554 Ι
1921 1522 2028 1568 ςο3.

94 1571 268 1621 Romae
300 1585 402 1614 cum
442 1566 633 1632 prafflca
667 1568 964 1618 ,cancellariae
994 1567 1259 1632 apostolicae
1297 1572 1491 1625 editum,
1552 1588 1594 1619 et
1632 1574 1782 1637 postea
1814 1575 2030 1635 Lugduni

94 1651 226 1700 atque
247 1636 342 1681 aliis
362 1636 408 1682 in
422 1635 540 1682 ‚locis
561 1633 794 1699 separatim
827 1630 1035 1681 excusum
1050 1669 1060 1688 ‚
1102 1636 1225 1698 quod
1249 1640 1447 1699 Miracus
1467 1656 1520 1683 ex
1542 1656 1733 1701 quatuor
1747 1632 1882 1687 codd.
1904 1644 2028 1689 MSS.

95 1699 315 1751 recensuit
347 1704 687 1758 eterneudauit,
719 1708 759 1744 13
805 1703 950 1768 tradit
970 1718 1013 1749 et
1043 1701 1241 1755 illustrat,
1280 1721 1437 1767 quarto
1471 1706 1672 1753 codicem
1701 1709 2030 1772 prouincialem

95 1787 269 1819 nouum
294 1771 418 1817 iuxta
445 1786 671 1820 recentem
705 1768 909 1817 ecclesiae
937 1788 985 1817 ac
1016 1788 1264 1832 regnorum
1297 1774 1341 1818 in
1365 1772 1475 1819 orbe
1498 1773 1748 1821 Christiano
1770 1775 1926 1823 statum
1952 1793 2029 1824 ex-

95 1838 244 1886 hibet:
299 1841 459 1902 quinto
484 1840 681 1903 denique
703 1836 1007 1904 Episcopatus,
1047 1836 1076 1884 s.
1098 1837 1231 1886 vrbes
1251 1840 1381 1885 titulo
1407 1838 1648 1906 episcopali
1669 1843 1859 1890 illustres
1882 1845 2028 1910 alpha·

95 1905 189 1954 beti
208 1903 319 1953 serie
338 1902 525 1967 digerit,
570 1905 878 1970 succinsteque
904 1905 1072 1952 disserit
1092 1908 1147 1953 de
1167 1906 1444 1954 ecclefiarum
1469 1913 1663 1956 maxime
1684 1910 1924 1959 illustrium
1946 1915 2048 1972 ori-y

95 1973 290 2036 ginibus‚
329 1973 630 2038 progressibus
658 1993 705 2022 ac
729 1974 1114 2022 vicissitudinibus.
1190 1977 1367 2022 Miraeo
1389 1979 1523 2029 ‚cuius
1554 1979 2029 2043 codicemprouincia-

12 2056 14 2062 ⁸
95 2042 187 2089 lem
209 2043 486 2096 Romanum,
543 2041 573 2092 s.
598 2044 802 2090 notitiam
826 2040 1165 2107 episcopatuum
1193 2043 1315 2088 orbis
1339 2043 1564 2092 christiani
1587 2064 1640 2092 ex
1661 2048 1861 2094 editione
1881 2050 2029 2109 minus

14 2152 39 2166 ,-
67 2154 70 2157 .
97 2109 272 2169 integra
295 2113 340 2147 14
375 2112 665 2159 Anni>1610.
704 2114 748 2156 in
778 2127 906 2158 tomo
937 2113 1070 2157 tertio
1105 2112 1321 2165 chronici
1352 2113 1689 2160 Chronicorum
1722 2116 2031 2164 recudendum

97 2175 221 2223 dedit
254 2179 382 2221 lanus
403 2179 622 2224 Gruterus
647 2175 724 2223 sub
750 2180 930 2225 Ioannis
954 2178 1157 2225 Gualteri
1179 2181 1370 2239 nomine
1397 2180 1555 2235 latens,
1607 2182 1738 2229 etiam
1775 2183 2029 2248 praeferen-

97 2243 178 2306 ᾂας
200 2240 300 2290 sunt
323 2241 495 2290 tabulae
515 2246 839 2309 geographicae
870 2262 914 2293 et
944 2247 1292 2308 chronologicae
1321 2250 1528 2295 omniurn
1562 2249 2027 2315 archiepiscopatuum

60 2310 68 2332 ‘³
97 2326 159 2361 et*¹
173 2307 509 2375 episcopatuum
539 2312 732 2360 vniuerfi
762 2314 898 2367 orbiS‚
949 2315 1103 2375 gallica
1133 2313 1284 2376 lingua
1315 2315 1455 2363 editae
1484 2332 1528 2363 et
1560 2315 1776 2366 succinEta
1804 2318 2023 2365 methodo

98 2375 447 2445 comprehensae
472 2378 526 2427 ab
559 2378 730 2430 Abbate
748 2383 1060 2431 Commanuillio
1091 2383 1369 2449 Rothomagi
1395 2400 1526 2448 ¹700·
1565 2395 1608 2444 8.
1674 2383 1816 2434 Tables
1842 2401 2024 2452 geogra-

180 2478 201 2485 -·
525 2480 527 2483 -
1110 2470 1126 2481 ³
1837 2452 2019 2520 phiques

99 2604 102 2606 v
154 2583 191 2612 ²³
221 2581 357 2623 Alium
381 2582 556 2624 libellum
576 2578 736 2625 similem
759 2563 1038 2640 prouincialem
1063 2572 1248 2642 scriptum
1265 2596 1447 2633 currente
1461 2585 1552 2631 saec.
1575 2586 1709 2631 Xtho
1725 2598 1775 2629 ex
1790 2585 1879 2631 MS.
1900 2586 2023 2631 edidit

99 2633 215 2689 Ernst.
245 2639 324 2678 Vol.
346 2639 565 2693 Loefcberus
586 2641 628 2680 in
649 2642 813 2695 append.
831 2644 1053 2692 Stromatei‚
1096 2659 1185 2698 pag.
1212 2656 1303 2700 173.
1329 2644 1368 2685 ss]
1607 2671 1622 2677 -·
1652 2668 1654 2670 ·
1687 2664 1690 2667 ’
1728 2671 1742 2675 =-

104 2750 107 2754 ·
154 2737 194 2764 ²⁴
241 2738 490 2800 Emendatior
521 2741 752 2796 pleniorque
778 2742 898 2783 editio
929 2743 1050 2785 exstat
1075 2744 1123 2784 ad
1155 2730 1296 2786 calcem
1323 2738 1469 2788 collefi.
1500 2734 1752 2805 antiquorum
1781 2744 2033 2792 decretalium

96 2796 188 2830 ‘mm
204 2803 308 2855 nont
324 2796 491 2840 Antonii
508 2799 736 2855 Augustini,
767 2798 973 2860 ficulensis
1000 2799 1180 2858 episcopi,
1220 2815 1243 2845 a
1263 2802 1395 2848 Carolo
1410 2802 1561 2853 Labbw.
