2263 3027
197 134 299 185 720
663 110 1001 171 cmxiv..
1041 112 1284 168 FASCES
1320 112 1692 167 PRAELATI..

199 260 327 313 patus
348 260 394 293 ac
417 239 642 310 potestatis
662 251 754 308 quo
777 243 910 290 etiam
941 240 1177 292 referenda
1196 241 1257 291 est
1275 241 1487 308 praelatio
1508 242 1684 296 Crucis,
1725 239 1938 308 Episcopi
1966 256 2008 292 et
2025 247 2138 294 Pena

199 313 309 362 tifici
332 312 429 360 fieri
457 309 597 362 solita.
672 310 870 373 Regibus
899 312 1063 364 XXIV.
1093 308 1227 359 fasces
1252 324 1355 359 cum
1384 307 1611 358 securibus
1631 308 1855 374 praelati.
1875 300 2137 362 Consulibus

198 379 380 443 {iugulis
411 383 458 427 in
490 380 602 427 vrbe
640 379 904 435 duodecim,
951 395 1076 428 extra
1106 379 1268 427 vrbem
1303 380 1431 426 etiam
1473 376 1671 436 secures;
1717 379 2002 426 Praetoribus
2037 378 2136 436 sex3

203 448 512 496 Diglatoribus
534 446 670 495 fasces
691 464 735 496 et
755 446 927 497 secures
949 450 1104 499 XXIV.
1151 448 1268 495 Vide
1281 446 1777 512 EzechSpanheniium
1798 447 1853 494 de
1880 446 1959 494 vsu
1983 446 2147 495 numis-

198 532 371 565 matum
392 514 556 576 differt.
579 516 763 564 decima.
835 520 950 564 Non
971 527 1161 580 vterque
1188 513 1262 562 sed
1294 530 1466 561 tantum
1497 515 1605 561 alter
1636 511 1869 561 consulum
1901 517 2143 564 duodecim

195 582 332 632 fasces
352 583 542 632 habebat
564 601 648 650 per
675 582 834 631 menfis
866 586 1010 644 vices3
1056 584 1161 631 vide
1184 582 1413 630 Benediffl
1447 584 1660 629 Aueranii
1687 579 1846 629 differt.
1872 600 1945 632 22.
1976 585 2028 631 ad
2066 586 2142 630 Li-

194 655 326 700 uium
346 657 403 699 T.
432 669 472 700 2.
500 669 543 717 p.
567 658 647 711 61.
722 656 936 700 Formam
960 650 1142 699 fascium
1164 649 1465 714 sellarumque
1495 650 1719 696 curulium
1746 667 1857 714 quae
1876 666 2062 715 Vtraque
2087 652 2139 700 ab

194 717 432 769 Hetruscis
455 722 650 767 Romani
675 723 944 786 acceperunt
963 719 1069 767 teste
1087 719 1297 766 Diodoro
1321 719 1470 766 Siculo
1492 721 1547 762 V.
1571 735 1671 781 pag.
1697 734 1805 778 2¹9
1839 736 1893 765 ex
1912 719 2141 767 veteribus

193 790 344 838 numis
367 787 585 835 exhibent
606 786 831 836 Moscardi
851 786 1049 836 museum
1065 821 1075 841 ,
1112 802 1153 834 et
1167 788 1388 834 Graeuius
1408 802 1538 850 atque
1559 789 1752 847 Begcrus
1778 786 1830 832 ad
1854 787 1980 833 Flori
2005 787 2079 836 lib.
2104 803 2139 834 ι.

193 874 229 904 c.
258 872 297 914 ς.
371 859 441 902 De
462 853 651 904 fascibus
673 854 842 904 consuli
863 855 1006 920 potest
1033 855 1215 901 Fabiani
1235 855 1463 901 Toerneri
1492 851 1732 900 dissertatio
1759 851 1902 918 Vpsal.
1934 869 2070 916 1722.
2098 862 2142 911 8,

192 923 323 972 edita.
394 927 464 971 De
492 921 676 970 fascium
703 922 989 971 submiffione
1021 926 1102 970 Iac.
1127 924 1320 986 Sponius
1344 924 1410 968 rei
1437 923 1569 983 antiq.
1594 919 1664 966 sel.
1691 919 1852 984 quaest.
1874 920 2037 969 differt.
2067 938 2142 983 13.

192 995 227 1039 I.
251 988 426 1055 Lipsius
449 989 588 1038 Elea.
609 991 686 1039 lib.
705 1007 756 1039 ΔΙ.
785 1008 875 1056 cap.
905 1006 981 1051 23,
1005 1005 1047 1036 et
1068 993 1194 1036 Ioam
1218 986 1647 1036 Matthiae-Gesneri
1674 986 1915 1036 differt-atio
1938 991 1991 1036 de
2013 1007 2143 1054 pren·

193 1055 387 1114 satione,
435 1056 610 1112 osculo,
663 1056 847 1106 fascium
882 1074 926 1106 et
966 1058 1197 1119 {ignorum
1230 1058 1276 1102 in
1310 1055 1494 1102 nauibus
1533 1052 1834 1103 submiffione.
1869 1060 2142 1120 Goettingae
2232 1096 2242 1099 >

201 1142 346 1187 174<-
375 1126 505 1173 edita.
572 1129 642 1172 De
671 1124 773 1173 sella
793 1127 937 1172 curuli
970 1139 1146 1190 praeter
1168 1123 1522 1169 Chimentellum
1542 1120 1672 1186 supra
1704 1123 1926 1172 laudatum
1951 1129 2142 1173 Ioannes

193 1191 449 1245 Schefferus
469 1194 524 1240 de
552 1211 601 1239 re
620 1193 870 1240 vehiculari
892 1192 968 1240 lib.
994 1206 1036 1240 2.
1058 1209 1150 1255 cap.
1172 1194 1240 1240 16.
1265 1207 1364 1255 pag.
1389 1204 1489 1252 199.
1561 1192 1634 1240 Ez.
1655 1192 1950 1254 Spanhemius
1979 1194 2032 1240 de
2060 1191 2142 1240 vsu

192 1259 519 1311 numismatum
541 1258 633 1308 diff.
650 1268 752 1325 6.p.
775 1270 887 1323 584.
959 1257 1081 1307 Isaac.
1099 1256 1382 1306 Casaubonus
1402 1259 1454 1304 ad
1467 1260 1731 1305 Suetonium
1745 1275 1788 1323 p.
1803 1271 1912 1309 200.
1937 1277 1980 1308 et
1991 1265 2140 1308 Henr.

191 1327 402 1377 Norifius
424 1329 480 1376 de
507 1345 650 1375 numo
671 1329 973 1387 Diocletiani,
1014 1331 1071 1373 T.
1101 1344 1136 1373 1.
1166 1324 1357 1373 thesauri
1381 1327 1686 1388 Sallengriani.
1753 1329 1824 1373 De
1858 1328 1962 1389 igne
1988 1327 2140 1375 Afiati·

191 1399 253 1445 cis
274 1395 472 1458 Regibus
507 1411 550 1443 et
578 1399 793 1444 Romanis
827 1391 1266 1460 Augustisspraelato
1288 1394 1549 1441 ‘Cotelerius
1584 1394 1637 1441 ad
1670 1394 1952 1442 Clementina
1991 1399 2064 1443 IX.
2093 1412 2141 1459 4.

188 1481 237 1532 p.
263 1472 376 1520 680.
444 1464 653 1512 Andreae
676 1462 914 1513 Christiani
936 1460 1257 1511 Eschenbachii
1280 1460 1372 1508 diss'.
1395 1479 1493 1527 pag.
1512 1459 1683 1526 5—19·sq.
1755 1462 1929 1510 Paullus
1950 1464 2140 1511 Voetius

189 1534 246 1580 ad
266 1527 585 1581 Herodianum
605 1550 649 1598 p.
678 1549 694 1582 1
711 1548 783 1595 14.
815 1541 904 1593 198
925 1529 986 1596 sq.
1007 1547 1049 1578 et
1069 1530 1343 1584 Christianus
1364 1531 1518 1578 Franc.
1542 1530 1733 1576 Paullini
1761 1533 1807 1576 P.
1838 1533 1915 1580 ΙΙΙ.
1950 1537 2021 1580 bet
2049 1535 2139 1594 ficit:

188 1600 421 1662 fursenum
444 1600 714 1665 etbaulicben
738 1602 824 1662 2⁸1st
847 1618 893 1666 p.
925 1615 1010 1659 143
1035 1596 1125 1663 sqq.
1203 1602 1272 1645 De
1291 1598 1416 1660 taeda
1436 1597 1789 1664 imperatoribus
1812 1613 1852 1644 et
1873 1599 2138 1646 Patri-archis

187 1665 456 1733 praegestari
484 1665 635 1722 solita,
677 1671 868 1730 Cangius
892 1665 1081 1716 Glossar.
1113 1669 1160 1713 in
1193 1663 1468 1729 διάμβουλον
1493 1683 1535 1714 et
1558 1671 1712 1714 Petrus
1743 1663 1942 1713 Poffinus
1976 1669 2030 1713 ad
2063 1671 2135 1714 Pa·
2207 1668 2215 1670 ’

191 1736 459 1798 chymerem
482 1739 539 1783 T.
569 1752 607 1785 1.
641 1753 684 1800 p.
705 1742 803 1798 446
827 1733 887 1799 sq.
915 1751 957 1783 et
986 1740 1045 1784 T.
1068 1749 1113 1786 2.
1147 1752 1191 1800 p.
1212 1749 1312 1796 470
1330 1733 1424 1799 sqq.
1492 1735 1654 1797 Aquila
1685 1733 1875 1797 praelata
1906 1733 2135 1780 C-learcho.

188 1801 344 1859 Iustin,
368 1806 488 1853 XVI.
515 1818 555 1864 5.
627 1807 748 1865 Ignis
769 1805 987 1869 praelatus
1009 1803 1206 1866 Regibus
1224 1800 1467 1854 Persarum,
1504 1797 1625 1864 Lips.
1647 1797 1833 1846 excursu
1859 1818 1896 1848 1.
1914 1799 1967 1846 ad
1988 1802 2138 1846 Taciti

189 1870 401 1918 Annales.
471 1872 604 1916 Varia
632 1871 818 1933 insignia
852 1870 1095 1918 illustribus
1126 1867 1390 1917 officialibus
1417 1870 1464 1914 in
1499 1884 1640 1929 regno
1669 1868 1884 1930 Iaponico
1916 1865 2136 1930 praeferri

188 1934 317 1984 solita
349 1937 455 1983 vide
491 1937 539 1982 in
574 1937 839 2003 Kaempferi
870 1941 1055 2004 Iaponia
1086 1937 1170 1984 tab.
1201 1940 1333 1982 XXX.
1404 1938 1473 1981 De
1501 1935 1775 1981 ornamentis
1808 1949 1851 1980 et
1880 1934 2135 1997 honoribus

189 2002 498 2067 Augustarum
528 2002 697 2051 librum
739 2005 1006 2066 singularem
1039 2003 1180 2051 edidit
1206 2002 1475 2066 Rudolphus
1506 2020 1528 2048 a
1560 2007 1724 2049 Bunau.
1757 1998 1877 2066 Lips.
1920 2017 2056 2065 1733.
2088 2018 2134 2065 4.

188 2073 356 2134 Angeli
381 2073 554 2119 Roccae
578 2075 930 2119 commentarius
955 2074 1010 2119 de
1040 2075 1110 2119 SS.
1135 2069 1301 2117 Christi
1323 2086 1517 2134 corpore
1536 2067 1827 2116 Pontificibus
1858 2070 1944 2116 iter
1971 2067 2134 2117 facien—

188 2139 309 2188 tibus
338 2137 643 2204 praeferendo
674 2143 806 2186 Rom.
833 2153 974 2202 1599.
995 2155 1039 2201 4.
1071 2154 1114 2185 et
1145 2136 1380 2200 Augustini
1420 2138 1586 2183 Molari
1614 2135 1916 2184 Fiuizanensis
1944 2139 2133 2185 Ordinis

187 2211 227 2257 S.
255 2207 493 2270 Augustini
526 2208 581 2253 de
610 2209 871 2271 antiquitate
901 2224 943 2254 et
974 2203 1122 2254 cauffis
1154 2208 1264 2252 ritus
1296 2202 1582 2270 praeferendi
1615 2209 1654 2252 S.
1683 2208 1722 2252 S.
1740 2202 2037 2252 Eucharistiae
2063 2208 2133 2251 Sa-

188 2280 473 2324 cramentum‘
493 2272 672 2334 summo
694 2273 903 2321 Pontifici
927 2290 1050 2322 extra
1078 2272 1239 2321 vrbem
1256 2271 1582 2338 proficiscenti,
1617 2287 1660 2320 et
1691 2274 1747 2320 de
1768 2274 1855 2319 ritu
1885 2274 1953 2318 SS.
1976 2274 2131 2319 Crucis

186 2347 321 2392 Rom.
351 2340 561 2390 Pontifici
593 2340 916 2407 praeferendae
946 2343 1296 2390 commentarius
1317 2345 1486 2390 Romae
1519 2353 1657 2401 1592.
1688 2358 1731 2397 4.
1767 2355 1809 2387 et
1832 2339 2035 2386 Andreae
2069 2341 2132 2386 du

187 2409 365 2474 Sauffay
399 2411 453 2459 de
483 2407 604 2459 sacro
636 2409 1033 2476 ritu-praeferendi
1063 2427 1242 2458 crucem
1274 2409 1520 2457 maioribus
1542 2410 1746 2456 Praelatis
1765 2405 1988 2454 Ecclesiae.
2014 2409 2133 2454 Pari·
2172 2444 2191 2467 x
2256 2420 2257 2452 3

188 2478 260 2525 fiis
299 2487 436 2534 1628.
461 2494 504 2541 4.
576 2482 645 2525 De
675 2477 920 2541 infignibus
958 2478 1246 2526 Sacer-dotum
1280 2493 1323 2525 et
1359 2476 1714 2543 Episcoporum,
1760 2477 1912 2529 mitra,
1956 2472 2129 2529 baculo,

191 2547 357 2595 annulo
383 2561 463 2594 etc.
534 2544 768 2597 Christian.
790 2552 828 2595 F
830 2546 1009 2596 alsterus
1033 2550 1090 2594 T.
1114 2562 1157 2599 2-
1178 2548 1432 2603 amoeniter.
1457 2546 1682 2612 philolog.
1703 2560 1747 2609 p.
1772 2558 1791 2591 1
1808 2559 1856 2591 ιι
1883 2538 1977 2605 sqq.

327 2682 397 2726 De
424 2680 578 2729 Titulis
605 2686 854 2730 Honorum
888 2681 1017 2750 Opus
1045 2681 1111 2730 Io.
1134 2681 1312 2731 'Seldeni
1345 2669 1400 2731 eit
1433 2682 1630 2731 editione
1665 2676 1792 2726 tertia
1814 2674 2000 2739 Anglica
2021 2679 2128 2726 anni

199 2756 340 2812 1672.
370 2748 528 2799 Latine
556 2747 735 2800 versum
765 2749 827 2803 est
857 2768 882 2802 a
909 2755 1095 2804 Simone
1128 2753 1297 2803 Ioanne
1326 2752 1543 2806 Arnoldi‚
1587 2744 1794 2798 Antistite
1823 2744 2130 2865 praefecigirae
2162 2762 2163 2765 ¹
2250 2759 2251 2764 ¹

440 2852 443 2854 ,
1021 2851 1030 2858 ,
2048 2831 2132 2865 on-
