2263 3027
228 120 328 173 924
611 103 761 156 CAP.
799 101 911 156 xx.
989 94 1284 153 NOMINA
1321 99 1814 154 HEBRAEORVM.
1870 61 1874 67 .

204 229 468 297 ,Pragenfls‚
495 228 555 278 est
579 231 702 277 enim
725 227 862 277 frater
882 226 1033 275 Iacobi
1053 229 1273 285 Strimeri,
1296 225 1414 275 filius
1435 226 1616 293 Iosephi
1634 227 1841 275 Strimeri
1861 229 1907 275 in
1927 229 2183 294 direptione

228 299 430 364 Pragenli
454 297 595 346 occisi.
643 299 766 344 ldem
796 299 1013 344 tamenin
1037 297 1168 342 titulo
1200 295 1302 343 libri
1333 294 1581 361 descriptis
1603 296 1940 350 Rabbinorum,
1981 299 2052 344 cui
2082 302 2182 345 titu-

230 371 297 417 lus
318 367 378 415 est
398 368 511 414 labia
535 367 884 418 dormientium,
922 362 965 411 se
986 381 1077 410 non
1102 365 1228 421 aliter
1248 381 1377 411 vocat
1412 382 1544 429 quam
1580 368 1628 411 R.
1665 364 1868 412 Schabtai
1898 365 1984 412 ben
2009 362 2183 429 loseph.

228 439 338 485 Satis
362 433 573 499 frequens
596 450 742 482 autem
765 436 884 480 inter
909 433 1089 480 eosdem
1104 432 1338 480 Hebraeos
1365 435 1553 479 mutatio
1576 436 1774 480 nominis
1790 435 1924 479 variis
1947 433 2002 479 de
2023 430 2185 487 cauffis,

228 506 347 552 vnde
371 504 656 556 binomines,
695 511 806 566 quae
833 519 900 547 res
928 517 976 546 vt
1001 498 1230 547 obseruata
1251 519 1430 562 magnas
1461 498 1740 548 difficultates
1761 503 1904 554 tollit,
1943 504 1999 547 ita
2033 502 2186 562 negle-

229 571 296 620 &a
325 570 453 626 facit,
487 588 566 617 nec
589 573 777 632 exiguos
795 571 910 634 parit
931 586 1119 616 errores.
1191 566 1362 615 Confer
1384 569 1595 616 Beckium
1618 570 1671 616 ad
1693 574 1896 631 Targum
1919 570 2187 633 Paralipom.

228 658 273 706 p.
295 650 397 700 136.
425 655 466 685 et
489 637 651 686 Christ.
680 638 838 685 Bened.
860 638 1095 683 Michaelis
1117 634 1276 683 dissert.
1302 638 1356 683 de
1377 637 1639 683 nominibus
1661 640 1860 701 propriis
1882 635 2023 690 sacris,
2046 638 2186 683 Halae
2245 640 2251 683 ἶ

236 723 376 771 1729.
448 711 555 753 Vno
578 723 725 752 tamen
750 707 936 751 nomine
957 720 1126 751 tantuin
1151 704 1388 751 Vtebantur
1410 722 1502 751 vno
1524 722 1754 769 tempore,
1781 709 1835 751 ita
1856 720 1904 751 vt
1928 723 1981 752 ex
2003 721 2094 768 quo
2119 705 2187 750 ad·
2249 703 2259 715 ⁹

228 775 355 824 sciuit
376 773 618 840 Apostolus
640 791 809 820 nomen
836 773 994 825 Paulli,
1037 771 1256 818 desineret
1278 773 1491 837 appellari
1506 773 1670 820 Saulus.
1739 777 1840 820 Nec
1864 774 2085 820 Abramus
2108 784 2187 817 vo·

229 844 409 892 cabatur
429 843 647 909 amplius,
684 859 826 906 quum
850 841 1003 888 datum
1024 838 1128 887 esset
1155 858 1323 886 nomen
1339 842 1604 895 Abrahami,
1643 859 1788 906 neque
1824 843 1971 894 Sarni,
2007 859 2060 887 ex
2092 856 2184 903 quo

229 911 347 960 digia
373 909 434 958 est
455 915 577 962 Sara,
614 927 697 956 nec
722 909 850 956 Iacob
873 927 927 956 ex
947 926 1036 972 quo
1061 906 1194 954 haelit
1220 926 1386 955 nomen
1412 907 1601 963 Israelis,
1639 928 1891 974 quanquam
1929 909 2006 955 iste
2035 907 2187 973 postea

228 982 317 1026 iam
342 981 429 1024 hoc
450 981 535 1024 iam
561 977 638 1022 illo
660 979 845 1023 nomine
869 979 914 1022 in
933 974 1061 1023 sacris
1085 977 1240 1021 litteris
1260 977 1524 1040 appellatur.
1579 981 1630 1022 In
1657 977 1931 1024 formatione
1945 979 2186 1023 nominum
2245 987 2247 990 “

230 1047 466 1095 Hebraeos
489 1046 604 1092 haud
630 1043 841 1091 curiofius
869 1045 923 1091 de
956 1058 1151 1090 accurata
1172 1044 1399 1105 analogiae
1420 1046 1593 1090 ratione
1611 1043 1824 1092 sollicitos
1845 1043 1970 1092 fuiss'e
2003 1045 2188 1097 notauit,

230 1115 379 1162 Dauid
405 1106 581 1160 Kimchi
604 1128 646 1158 et
666 1113 877 1158 Salomoh
900 1112 987 1158 ben
1011 1111 1190 1157 Melech
1212 1111 1266 1157 ad
1297 1113 1514 1158 1.Chron.
1539 1115 1615 1157 IV.
1693 1117 1859 1176 Neque
1882 1117 1928 1159 in
1947 1111 2192 1174 scribendis

230 1182 392 1230 eodem
422 1181 561 1227 modo
586 1179 848 1225 nominibus
872 1180 1117 1226 admodum
1144 1176 1472 1243 superstitiosos
1500 1177 1627 1226 fuisse
1650 1196 1847 1236 veteres,
1871 1181 2010 1228 Rich.
2032 1182 2190 1226 Simon
2257 1222 2261 1226 .

230 1250 310 1298 lib.
347 1267 380 1298 ι.
403 1247 516 1295 Hist.
545 1249 657 1296 Crit.
685 1251 737 1292 V.
761 1251 819 1295 T.
839 1265 930 1312 cap.
961 1262 1000 1308 3.
1050 1250 1100 1292 In
1127 1247 1354 1294 Talmude
1380 1245 1800 1312 Hierosolymitano
1824 1247 2067 1295 Maffechet
2093 1250 2191 1294 Git·
2242 1242 2257 1268 ¹'

229 1320 295 1365 tin
325 1315 355 1364 f.
380 1332 459 1379 43.
489 1334 527 1365 2.
550 1316 669 1377 legas
687 1312 901 1362 Israelitas
927 1326 1049 1361 extra
1070 1330 1235 1362 terram
1261 1313 1543 1362 Israeliticam
1567 1317 1732 1365 habere
1757 1321 1941 1370 nomina
1972 1315 2078 1364 ficut
2110 1332 2190 1361 no-
2234 1341 2245 1373 j,

229 1388 355 1433 mina
375 1385 646 1432 Gentilium.
725 1387 835 1430 Sane
857 1401 879 1430 a
901 1385 1084 1431 Graecis
1107 1383 1368 1430 nominibus
1391 1401 1434 1432 et
1455 1386 1624 1432 Latinis
1642 1403 1735 1435 non
1755 1382 2019 1441 abstinuisse,
2043 1400 2190 1431 exem·
2261 1372 2263 1451 l

229 1454 309 1520 plo
336 1451 632 1517 Tryphonis,
667 1452 894 1506 Philonis,
932 1452 1205 1510 Nicodemi,
1242 1451 1369 1511 Iusti,
1407 1452 1510 1500 Rufi
1533 1469 1575 1500 et
1597 1454 1790 1501 aliorum
1821 1453 2001 1503 constat.
2071 1451 2190 1498 Vide
2249 1454 2263 1576 -l

230 1525 343 1569 Rev.
364 1521 540 1568 Alberti
563 1539 584 1566 a
604 1520 740 1585 Felde
760 1518 892 1584 Epist.
918 1521 970 1566 ad
994 1523 1046 1565 D.
1068 1523 1292 1567 Kochium
1316 1522 1371 1568 de
1402 1521 1582 1585 dialogo
1615 1522 1771 1569 Iustini
1799 1525 2015 1585 Martyris
2046 1523 2089 1585 'p
2116 1536 2188 1581 33.

231 1587 297 1654 sq.
325 1603 368 1636 et
392 1592 453 1634 lo.
477 1590 717 1635 Brauniuin
744 1590 786 1633 in
812 1586 981 1634 selestis
1005 1586 1132 1633 sacris
1163 1607 1205 1653 p.
1236 1606 1307 1648 33.
1329 1587 1389 1653 sq.
1425 1592 1503 1654 qui
1534 1607 1575 1654 p.
1595 1606 1668 1654 34.
1688 1589 1749 1655 sq.
1785 1590 1975 1637 ostendit
2004 1589 2189 1647 Iudaeos
2256 1577 2260 1622 l

231 1656 334 1724 post
358 1658 660 1722 captiuitatem
685 1656 856 1720 duplici
880 1657 1066 1703 nomine
1094 1674 1187 1703 non
1210 1674 1310 1703 raro
1333 1656 1455 1711 vsos,
1496 1676 1589 1705 vno
1612 1676 1701 1722 quo
1726 1663 1841 1706 inter
1861 1656 1960 1705 suos
1983 1673 2025 1704 et
2049 1657 2186 1702 altero
2253 1638 2258 1725 s

234 1742 326 1789 quo
350 1727 468 1772 inter
489 1726 704 1770 Ethnicos
726 1739 1009 1772 vocarentur.
1088 1728 1261 1772 Graeco
1284 1724 1455 1773 scilicet
1469 1724 1607 1791 altero
1636 1727 1707 1773 vel
1732 1729 1917 1778 Latino,
1937 1726 2076 1770 altero
2092 1727 2186 1769 He·
2251 1728 2256 1813 Ι

233 1792 408 1839 braico:
445 1790 501 1838 sic
523 1792 680 1839 iisdem
706 1792 871 1839 tributa
893 1794 1079 1840 nomina
1102 1792 1216 1839 Iesus
1240 1810 1282 1840 et
1305 1791 1452 1853 lason,
1491 1795 1631 1840 lakim
1654 1809 1696 1840 et
1719 1795 1945 1845 Alcimus,
1983 1793 2121 1837 Onias
2145 1803 2188 1836 et
2251 1815 2254 1820 ·

233 1860 491 1913 Menelaus,
534 1863 744 1907 Iannaeus
776 1877 818 1907 et
839 1861 1116 1918 Alexander,
1155 1864 1306 1907 Saulus
1336 1878 1377 1908 et
1407 1863 1601 1914 Paullus,
1637 1866 1823 1907 Ioannes
1853 1875 1895 1906 et
1934 1864 2188 1921 Hyrcanus,
2248 1831 2253 1922 l

233 1927 380 1975 Hillel
411 1943 454 1973 et
472 1927 640 1982 Pollio,
677 1930 834 1974 Simon
872 1945 914 1974 et
934 1932 1102 1991 Niger,
1138 1930 1313 1974 Salome
1343 1945 1386 1975 et
1418 1929 1682 1976 Alexandra.
1762 1925 1933 1975 Confer
1954 1930 2016 1973 lo.
2039 1930 2189 1973 Henr.

233 1997 348 2043 Maii
371 1991 547 2040 observ.
572 1991 674 2041 sacr.
701 1994 774 2039 lib.
803 2011 836 2054 3,
867 2003 999 2056 p.96.
1025 1996 1126 2042 edit.
1149 1993 1375 2042 secundae.
1445 1999 1743 2042 Trinornines
1766 1997 1897 2041 etiam
1930 1993 2056 2041 fuere
2085 1995 2186 2057 qui·
2245 2038 2247 2063 3

237 2063 364 2115 dam,
399 2060 428 2107 fi
453 2061 675 2107 credimus
697 2063 911 2107 Cornelio
937 2060 1141 2107 Iansonio
1166 2078 1289 2126 parte
1323 2081 1357 2108 ι.
1379 2066 1657 2109 Concordiae
1678 2064 1887 2125 Euangel.
1914 2081 1947 2109 c.
1977 2073 2017 2113 6,
2049 2079 2090 2108 et
2110 2067 2186 2109 ΒΕ·
2244 2108 2245 2127 3

236 2128 477 2178 nediffinis
499 2128 552 2174 ad
576 2131 615 2178 S,
639 2126 843 2175 Anibi-os,
866 2145 992 2175 tomo
1024 2145 1036 2176 ι
1079 2126 1155 2175 fol.
1182 2146 1267 2190 133
1286 2148 1319 2178 t.
1390 2135 1440 2177 In
1454 2135 1715 2196 peregrinae
1738 2148 1884 2178 autem
1909 2132 2085 2192 linguae
2108 2146 2189 2175 no·

236 2198 437 2245 minibus
455 2198 656 2260 propriis
680 2193 916 2242 efferendis
939 2197 1176 2261 tripliciter
1200 2196 1364 2244 versari
1393 2197 1535 2244 solent
1566 2199 1787 2253 Hebraei,
1825 2216 1924 2245 nam
1959 2200 2030 2245 vel
2061 2199 2187 2244 aliter
2240 2207 2244 2239 ἓ

235 2267 555 2332 pronunciant,
577 2269 618 2294 2¹
644 2279 692 2309 vt
715 2267 872 2311 Graeci
898 2265 1094 2327 aliaeque
1109 2269 1301 2319 GenteS,
1320 2282 1370 2313 vr
1394 2285 1477 2331 pro
1501 2271 1624 2330 Cyro
1647 2270 1809 2322 Cores,
1834 2283 1919 2331 pro
1944 2274 2189 2314 Artaxerxe

174 2347 176 2349 “
239 2331 452 2395 Artasasta
482 2348 563 2378 etc.
599 2332 672 2379 vel
705 2350 758 2379 ex
798 2335 1035 2397 peregrina
1067 2334 1217 2395 lingua
1246 2336 1597 2400 interpretantur
1625 2337 1672 2381 in
1712 2335 1994 2382 Hebraicam.
2071 2336 2188 2379 Vide
2237 2347 2240 2380 1

239 2404 455 2449 Grotium
481 2400 534 2447 ad
560 2402 675 2446 Gen.
698 2403 773 2447 XI.
799 2416 833 2448 ι.
866 2400 1006 2446 Hebr.
1034 2404 1109 2449 Ill.
1139 2413 1179 2458 8.
1221 2419 1264 2449 et
1283 2422 1392 2467 quae
1416 2408 1567 2451 notaui
1588 2405 1660 2450 lib.
1682 2421 1717 2452 1.
1742 2404 1851 2452 Bibl.
1874 2408 2067 2450 Graecae
2090 2419 2125 2447 c.
2144 2408 2190 2450 6.
2235 2404 2238 2447 ἑ

239 2473 275 2527 §.
301 2486 312 2513 ι
334 2484 370 2516 1.
446 2467 704 2514 Edu-ardum
729 2470 832 2514 item
858 2471 1128 2516 Bernardum
1153 2471 1204 2515 ad
1229 2470 1540 2537 inscriptiones
1553 2474 1839 2536 Palmyrenas
1862 2489 1958 2536 pag.
1976 2484 2051 2530 23.
2078 2468 2187 2515 ficut
2231 2474 2237 2535 A?

240 2537 329 2582 hoc
358 2537 488 2582 etiam
524 2535 618 2581 aliis
649 2533 940 2600 scriptoribus
971 2535 1228 2603 vsurpatum
1256 2539 1364 2596 fuit,
1399 2541 1504 2588 vide
1528 2542 1681 2587 Nicol,
1709 2541 1945 2587 Alemanni
1976 2554 2100 2583 notas
2132 2537 2192 2583 a&
2231 2539 2235 2591 ἓ

241 2605 514 2667 Procopium
537 2620 580 2668 p.
599 2617 678 2663 95.
699 2620 741 2651 et
766 2608 1110 2670 Hieronymum
1134 2607 1211 2656 hb.
1238 2627 1277 2659 2,
1301 2611 1347 2656 in
1367 2606 1584 2657 Amosum
1606 2626 1706 2673 pag.
1737 2621 1874 2670 1411.
1898 2607 2002 2653 edit.
2030 2622 2188 2658 nouae,
2236 2645 2238 2650 .

2117 2671 2191 2720 vel
2228 2691 2233 2717 z.

303 2765 338 2786 ²¹
370 2763 494 2814 Qam
521 2761 671 2801 dinei-se
691 2761 780 2814 ipsas
808 2764 1001 2804 hebraicas
1024 2778 1130 2805 voces
1151 2769 1407 2821 pronuntient
1430 2767 1562 2807 Iudaei
1593 2764 1681 2807 vide
1705 2765 1806 2819 apud
1828 2769 1935 2809 Ioan.
1958 2766 2028 2808 Iac.
2047 2763 2190 2817 Schudq
2224 2762 2228 2802 1

243 2816 338 2856 tium
356 2817 487 2857 Tomo
505 2814 673 2857 secundo
694 2823 901 2860 memorab.
921 2821 1165 2864 iudaicorum
1186 2839 1271 2879 pag.
1290 2834 1386 2877 235.
