2263 3027
161 57 261 123 '906
361 53 512 110 CAP.
540 13 652 115 xx.
727 54 1085 111 mvossTtA
1105 55 1299 113 HEBR.
1318 57 1582 118 GRAEC:
1594 63 1690 119 ET
1711 66 1883 122 RoM.

865 213 880 222 -
954 186 1023 233 Sic
1031 183 1152 246 flunt
1174 184 1264 236 0520
1283 191 1450 246 mariti,

615 254 815 316 Qinque
831 266 913 320 per
935 265 1172 306 autumnos.

167 352 297 406 atque
319 336 538 388 Martialis
568 339 649 389 VI.
677 353 721 404 7.

779 449 797 459 -
866 428 992 471 toties
1011 406 1127 490 quac*
1141 423 1284 481 nubit,
1317 426 1516 474 adultera
1533 425 1619 494 lege
1639 425 1708 492 est.

560 519 564 523 -
615 489 815 555 Offendor
833 493 999 542 moecha
1006 495 1262 562 simpliciore
1284 499 1438 545 minus.

169 591 291 644 Vide
311 607 352 641 et
377 591 405 640 si
430 593 572 659 placet
595 591 757 641 Asterii
779 595 1015 644 homiliam
1037 612 1166 645 tomo
1198 614 1237 647 1.
1258 595 1458 645 Aufitarii
1480 598 1592 645 novi
1615 595 1725 645 Bibl.
1748 598 1926 645 Pattum
1939 595 2133 646 Combe·

168 660 308 710 filiani
330 679 372 726 p.
390 671 466 719 82.
541 663 801 710 Clmrondas
831 680 1011 729 quoque
1035 666 1152 730 apud
1186 666 1390 713 Thurios
1421 667 1518 728 lege
1554 663 1795 713 sanciuerat
1814 682 1864 712 vt
1884 669 2019 713 vxor-i
2040 667 2132 713 lici-

170 745 266 778 tum
293 728 397 777 ess'et
420 731 626 793 coniugis
642 733 687 777 in
706 732 856 778 locum
870 736 1077 796 quemuis
1102 734 1239 782 alium
1263 737 1310 781 in
1333 736 1677 782 matrimonium
1703 730 1951 788 adsciscere,
1975 736 2132 799 priore

170 797 428 863 repudiato:
465 799 524 844 ita
555 800 764 864 quidem,
800 814 850 846 vt
882 803 1043 848 marito
1077 818 1260 866 quoque
1290 802 1445 851 liceret
1472 805 1608 850 vxori
1635 804 1846 849 nuntium
1887 804 2134 849 remittere.

171 866 349 915 Accidit
370 867 507 928 igitur
529 881 578 914 vt
600 866 796 932 quodam
817 881 1025 934 tempore
1048 886 1166 917 vxor
1188 885 1326 918 aetate
1349 873 1522 932 integra
1554 867 1895 935 prouefflorem
1922 872 2137 917 maritum

172 931 414 988 desereret,
451 935 531 998 qui
558 949 609 984 vt
635 951 736 982 mos
769 950 861 982 erat
880 952 1062 999 gutture
1091 938 1250 1003 laqueo
1282 936 1449 986 inserto
1482 940 1778 985 mutationem
1800 937 1910 1000 legis
1931 935 2056 985 suasit
2087 939 2136 983 in

174 1017 274 1050 eam
293 1000 555 1049 sententiam
570 1035 580 1055 ,
610 1019 667 1049 ne
683 1004 772 1050 hoc
795 1003 874 1050 alia
896 1005 1070 1052 ratione
1092 1004 1190 1052 fieri
1211 1005 1534 1064 concederent,
1570 1003 1651 1052 nili
1672 1019 1722 1051 vt
1741 1022 1860 1052 vxor
1885 1023 1967 1053 nec
1990 1007 2137 1052 iunio·

173 1085 274 1120 rem
296 1070 479 1117 duceret
502 1072 739 1126 maritum,
773 1088 856 1117 nec
881 1073 1052 1119 iuniori
1085 1075 1221 1119 vxori
1251 1073 1440 1120 nuberet
1472 1074 1681 1125 marituS,
1722 1089 1856 1136 quam
1885 1075 2015 1138 prior
2045 1070 2141 1120 fue-

175 1152 266 1191 rat,
303 1137 557 1202 populique
591 1135 808 1198 suffragio
843 1140 1103 1196 mutationis
1136 1141 1271 1187 huius
1301 1138 1436 1187 suasio
1466 1138 1759 1204 comprobata
1787 1139 1873 1193 est,
1909 1155 1962 1188 vt
1997 1138 2139 1188 refert

173 1204 408 1253 Diodorus
430 1205 600 1251 Siculus
623 1203 786 1252 lib-XI·
809 1220 931 1270 p-42
946 1223 981 1256 ¹.
1049 1205 1222 1256 Confer
1245 1209 1301 1255 de
1331 1207 1531 1272 diuortio
1561 1207 1681 1273 apud
1705 1210 1933 1255 Romanos
1956 1223 2138 1273 recepto

174 1276 325 1324 Henr.
346 1277 613 1320 Browerum
633 1271 710 1320 lib.
734 1286 777 1322 2.
814 1274 870 1322 de
890 1276 988 1322 iure
1008 1275 1343 1324 connubiorum
1370 1292 1463 1341 cap.
1485 1291 1507 1336 3
1522 1294 1558 1322 1.
1593 1290 1636 1323 et
1658 1275 1791 1323 Zach.
1813 1276 2055 1323 Huberum
2083 1275 2139 1323 de

176 1342 269 1390 ritu
289 1356 332 1389 et
352 1341 531 1387 licentia
553 1341 859 1389 diuortiorum
883 1344 1002 1408 apud
1024 1347 1254 1392 Romanos
1273 1348 1430 1391 Tomo
1451 1340 1646 1392 secundo
1668 1345 1762 1391 eius
1784 1340 2142 1392 dissertationum

174 1426 278 1476 pag.
307 1421 412 1465 127.
432 1405 528 1472 sqq.
602 1410 840 1457 Formulas
862 1410 1048 1458 diuortii
1069 1413 1189 1477 apud
1214 1416 1444 1460 Romanos
1474 1412 1608 1459 tradit
1637 1409 1880 1459 Briffonius
1914 1411 1992 1460 lib.
2014 1414 2141 1461 VIII.

174 1475 364 1526 formul.
387 1493 431 1541 p.
457 1486 571 1538 700.
599 1473 659 1541 sq.
702 1492 745 1526 et
765 1475 1020 1527 Bonifacius
1055 1479 1132 1529 lib.
1164 1497 1199 1528 1.
1237 1478 1465 1528 Historiae
1496 1479 1714 1537 Ludicrae
1747 1497 1781 1528 c.
1807 1487 1883 1544 64.
1957 1483 2011 1528 In
2035 1481 2146 1527 anti-

179 1561 270 1611 qua
287 1544 478 1592 Saxonia
500 1561 643 1608 quum
661 1545 784 1593 nulla
807 1546 951 1595 adhuc
971 1545 1077 1596 effer
1095 1547 1261 1595 Christi
1287 1549 1502 1610 cognitio,
1523 1546 1555 1594 fi
1577 1549 1709 1610 virgo
1731 1549 1778 1595 in
1799 1562 1983 1613 paterna
2003 1547 2144 1595 domo

177 1614 257 1661 vel
279 1614 480 1660 maritata
501 1610 579 1659 sub
612 1615 830 1676 coniugio
864 1611 968 1663 effet
1002 1613 1220 1663 fornicata
1234 1650 1244 1670 ‚
1281 1633 1418 1664 manu
1436 1617 1625 1682 propria
1645 1615 1957 1679 strangulatam
1978 1632 2146 1664 crema-

180 1680 288 1729 bant
308 1695 578 1745 corruptore
603 1678 736 1747 super
757 1680 915 1730 foss‘am
936 1681 1132 1749 sepultae
1152 1681 1385 1750 suspenso,
1420 1700 1494 1731 aut
1515 1684 1829 1747 cingulotenus
1858 1682 2051 1732 vestibus
2070 1682 2144 1729 ab·

181 1745 312 1797 sciffis
337 1747 618 1811 flagellabant
648 1766 746 1797 eam
777 1749 912 1799 castae
942 1767 1174 1800 matronae
1194 1767 1237 1800 et
1265 1752 1456 1800 cultellis
1489 1751 1776 1818 pungebant,
1813 1765 1857 1796 et
1886 1750 1942 1798 de
1964 1750 2070 1798 villa
2094 1751 2142 1796 in

182 1816 342 1863 villam
366 1814 515 1863 miffae
537 1817 834 1866 occurrebant
854 1835 997 1868 nouae
1015 1821 1127 1883 aliae
1148 1819 1437 1883 flagellantes,
1460 1819 1606 1867 donec
1627 1819 1954 1866 interimerent.
2025 1817 2146 1865 Vide

183 1882 451 1932 Albericum·
472 1887 747 1933 monachum
769 1888 906 1934 trium
933 1886 1133 1936 fontium
1157 1889 1213 1935 ad
1232 1892 1345 1936 A.C.
1370 1903 1480 1948 751.
1553 1883 1792 1933 Christiani
1813 1901 1995 1948 quoque
2025 1900 2163 1933 vete··

185 1968 257 1999 res
279 1968 302 1998 a
322 1951 521 1997 diuortio
556 1968 651 1998 non
675 1953 806 2017 plane
829 1953 1138 2003 abstinuerunt
1156 1991 1167 2011 ,
1206 1953 1282 2002 sed
1301 1953 1401 2019 post
1418 1953 1685 2018 repudium,
1721 1953 1844 2016 quod
1876 1950 1972 2001 fere
2008 1949 2145 2000 solius

186 2018 395 2067 adulterii
418 2015 556 2064 caussa
582 2015 825 2074 faciebant,
861 2018 1072 2072 secundas
1102 2023 1279 2086 nuptias
1301 2018 1529 2084 fugerunt.
1599 2015 1772 2067 Confer
1793 2020 2072 2068 Cotelerium
2089 2019 2145 2068 ad

185 2090 335 2135 Patres
355 2083 640 2150 Apostolicos
663 2101 777 2136 tom.
803 2102 840 2133 t.
860 2103 903 2152 p.
922 2097 998 2147 87.
1010 2086 1072 2151 sq.
1108 2090 1173 2134 Io.
1195 2088 1403 2136 Schilteri
1422 2085 1755 2136 obseruationes
1778 2086 2146 2151 adAugustinum

187 2154 246 2203 de
274 2153 534 2201 adulterinis
566 2154 812 2216 coniugiis,
849 2156 1004 2219 Steph.
1034 2155 1074 2202 le
1100 2158 1281 2220 Moyne
1311 2157 1359 2203 in
1394 2156 1540 2203 Variis
1572 2152 1702 2202 sacris
1735 2170 1863 2202 tomo
1893 2172 1927 2205 1.
1958 2172 2002 2221 p.
2027 2169 2144 2212 291.

187 2221 443 2271 Heneliurn
466 2222 514 2267 in
534 2221 629 2267 otio
652 2221 984 2269 Vratislaviensi
997 2239 1091 2287 cap.
1108 2231 1184 2287 48.
1221 2214 1449 2272 Petauium
1472 2222 1549 2270 lib.
1565 2239 1608 2273 2.
1630 2220 1723 2270 diff.
1747 2221 2146 2289 Ecclefiast.cap.8.
2220 2202 2228 2267 λ,

189 2290 433 2338 Seldenum
457 2290 506 2335 in
529 2305 675 2337 vxore
697 2289 920 2337 Hebraica
944 2288 1021 2337 lib.
1047 2306 1089 2352 3.
1119 2308 1152 2337 c.
1167 2304 1248 2342 22.
1269 2289 1333 2356 sq.
1364 2306 1407 2339 et
1429 2294 1492 2343 Io.
1514 2292 1698 2355 Meyeri
1724 2307 1917 2338 vxorem
1939 2290 2147 2339 christia·
2211 2296 2217 2346 ζ

191 2374 297 2415 nam
319 2354 410 2404 diss.
429 2374 470 2414 3.
494 2354 677 2403 Amstel.
702 2364 840 2414 1688.
856 2374 896 2415 4.
937 2361 1008 2405 De
1032 2359 1240 2406 diuortiis
1261 2361 1379 2407 inter
1403 2357 1677 2407 Christianos
1693 2374 1902 2424 tempore
1914 2358 2064 2406 Caroli
2078 2361 2147 2409 M.
2204 2347 2227 2427 s

191 2425 300 2473 vide
317 2421 601 2472 Illustriffimi
620 2426 807 2472 Bunauii
829 2423 1062 2474 historiam
1075 2429 1345 2475 Germaniae
1364 2431 1424 2476 T.
1437 2443 1535 2492 2.p.
1551 2441 1573 2485 3
1585 2423 1733 2490 36.sq.
1754 2433 1862 2488 360.
1927 2429 1990 2473 Vt
2011 2428 2148 2474 omit·
2212 2432 2215 2435 ’

194 2506 338 2540 tamus
367 2508 480 2557 quae
502 2492 557 2539 de
577 2492 786 2540 diuortiis
808 2495 940 2541 etiam
960 2509 1082 2542 extra
1100 2494 1306 2542 adulterii
1324 2492 1470 2543 casum
1494 2495 1626 2541 licitis
1648 2492 1872 2559 disputant
1889 2497 1985 2541 Leo
2009 2493 2147 2543 Iudae

198 2559 466 2624 inEpistolis
479 2560 533 2607 ad
550 2561 714 2608 calcem
728 2563 843 2608 tomi
856 2563 1142 2610 tertiirerum
1166 2563 1556 2611 Alemannicarum
1571 2560 1786 2616 Goldasti,
1806 2573 1902 2608 turn
1922 2559 2148 2617 Erasmus,

2199 2532 2217 2549 ἱ(

2193 2527 2254 2603 .-ε

2250 2605 2252 2630 Ι

2204 2434 2263 2528 Ἡ

201 2630 419 2682 Buceru3‚
441 2630 509 2676 Io.
531 2628 783 2682 Miltonus,
829 2644 872 2677 ct
908 2632 1090 2678 Marcus
1112 2633 1337 2679 Antonius
1368 2631 1423 2678 de
1455 2630 1667 2677 Dominis
1704 2626 1870 2693 scripto
1905 2629 1960 2676 de
1996 2631 2147 2676 mat-ri·
2196 2662 2208 2684 ⁴
2250 2643 2252 2679 l

202 2695 388 2751 moni0,
428 2693 484 2745 de
503 2711 593 2761 quo
613 2697 806 2750 Bzouius
826 2697 881 2748 ad
903 2700 1015 2750 ΑΟ.
1043 2711 1183 2765 1479·
1209 2715 1255 2752 n.
1280 2714 1356 2752 20.
1377 2702 1429 2750 F.
1447 2706 1520 2760 1-8.
1553 2709 1711 2765 p.173.
1776 2696 1896 2747 Vide
1924 2712 1966 2746 et
1987 2698 2148 2813 saiiriizii
2204 2703 2217 2721 ²
2246 2777 2249 2795 ι
