2263 3027
520 101 1020 154 SCRIPTORES
1091 101 1587 154 GENERALEs.
1962 126 2019 169 91

87 247 296 295 magnam
331 243 482 284 tamen
523 228 671 276 lucem
714 226 925 291 omnibus
965 226 1164 291 partibus
1194 229 1524 294 Antiquitatum
1552 232 1855 276 Romanarum
1887 229 2025 280 affun-

87 302 231 354 dunt,
272 298 382 346 editi
422 293 552 344 Paris.
595 302 735 357 1582.
773 293 854 342 fol.
908 293 1115 344 Francof.
1156 295 1276 360 apud
1324 300 1445 343 Ioan.
1481 297 1748 344 XVechelum
1795 314 1932 357 1592.
1981 315 2024 361 4.

64 367 234 416 >Halae
284 380 425 429 17315
470 360 550 410 fol.
618 378 798 409 curante
839 365 987 411 Franc.
1034 367 1132 410 Car.
1180 366 1402 420 Conrado,
1467 366 1546 428 qui
1598 382 1858 426 argumenta
1910 369 2025 431 capi·

86 452 183 484 tum
196 469 207 490 ‚
254 433 414 498 quibus
432 429 592 492 singuli
610 430 715 477 libri
736 429 936 478 constant
954 464 966 484 ,
1010 445 1053 476 et
1072 427 1280 478 Briss'onii
1301 433 1440 478 vitam
1460 448 1591 495 atque
1620 434 1763 493 elogia
1785 434 2021 498 praemiiit,

87 520 130 550 et
155 500 387 550 nouiffime
410 516 511 545 cum
530 499 648 544 curis
673 500 805 544 nouis
828 513 871 546 et
889 497 1344 545 animaduerfionibus
1358 503 1549 562 Io.Aug.
1563 501 1725 553 Baebii,
1742 498 1860 565 Lips.
1887 517 2023 566 1754.

86 569 169 620 fol.
239 572 402 631 Neque
417 567 544 629 Iustus
555 567 709 632 Lipfim
727 566 934 629 denique,
970 568 1093 612 cuius
1106 569 1308 612 Lex-icon
1331 569 1766 622 ritualeRomanurn,
1800 569 1922 632 quod
1939 587 2023 634 pet·

86 655 225 684 annos
251 651 322 696 30.
347 636 532 680 molitus
553 632 696 681 fuerat
719 636 791 680 vir
815 633 1109 687 do'ehffimtm
1143 635 1287 679 lucem
1313 652 1539 698 nunquam
1566 633 1786 700 adspexit,
1819 640 2021 700 quamuis

85 707 211 752 editis
239 705 330 748 eius
361 700 534 765 scriptis
565 718 660 748 tum
684 703 779 748 aliis
800 700 918 747 infra
938 699 1014 747 suo
1039 702 1137 748 loco
1163 703 1573 749 commemorandis
1594 737 1604 756 ‚
1669 719 1763 766 tum
1798 706 1844 750 in
1873 703 2027 751 elcfiiis

83 774 278 819 maxime
298 785 341 816 et
362 770 414 815 ad
435 771 644 815 Tacitum
669 771 1003 816 commentariis
1026 770 1101 815 lux
1128 770 1260 833 plane
1289 768 1470 831 iniignis
1499 768 1708 817 afferatur
1731 774 2023 836 Antiquitati-

82 839 169 887 bus‘
183 839 398 884 Romanis
421 852 462 883 et
486 836 602 884 bene
622 837 775 884 multis
795 854 837 884 et
856 840 1052 883 maxime
1072 837 1337 884 reconditis:
1387 838 1508 884 vnde
1537 854 1688 885 natum
1716 836 1823 886 facis
1845 839 2019 887 histori-

81 925 154 954 cae
181 903 270 953 fiue
297 906 586 969 Antiquariae
615 906 938 970 compendium
961 923 1014 952 ex
1036 905 1264 969 Operibus
1288 903 1427 969 Lipsii
1448 922 1707 970 excerptum
1724 941 1734 960 ,
1775 909 1898 970 quod
1918 909 2019 973 plus

80 972 271 1039 simplici
309 974 410 1019 vice
444 973 618 1037 prodiit
643 971 722 1019 sub
755 974 886 1021 titulo
917 977 1087 1019 Romae
1116 972 1349 1020 illustratae
1382 972 1433 1019 ab
1465 977 1642 1020 Antonio
1676 973 1814 1037 Thy'zo
1846 975 1933 1023 siue
1963 979 2019 1023 Io,

85 1042 230 1089 Thulio
249 1042 401 1106 potius
425 1039 663 1087 colleEium
685 1057 728 1088 et
750 1039 985 1088 nouiffime
1006 1038 1208 1088 recusum
1232 1043 1276 1086 in
1301 1041 1477 1103 Anglia,
1510 1038 1658 1087 forma
1679 1043 1878 1096 minore,
1916 1061 2019 1091 cum

81 1111 272 1169 Georgii
293 1109 485 1154 Fabricii
513 1110 646 1168 (male
667 1111 844 1156 Patricii
867 1110 1032 1171 legitur
1051 1110 1097 1154 in
1119 1109 1330 1155 Nouellis
1350 1110 1478 1173 Reip.
1499 1109 1715 1156 litei-ariae
1740 1113 1862 1157 Anni
1881 1120 2020 1169 1699.

79 1174 230 1224 mense
249 1174 434 1223 Offtobr.
457 1193 499 1240 p.
522 1181 666 1239 469.)
714 1177 951 1223 collatione
972 1178 1136 1223 veteris
1159 1180 1329 1223 Romae
1354 1194 1455 1223 cum
1489 1194 1606 1223 noua
1627 1175 1702 1224 sed
1749 1179 1948 1243 (prioris
1974 1196 2019 1226 ac

78 1246 229 1292 minus
256 1240 481 1309 perfeci-:ie
501 1245 751 1305 editionis)
788 1245 973 1308 aliisque
995 1244 1158 1291 libellis
1182 1263 1236 1291 ex
1257 1244 1409 1310 Lipfio
1438 1249 1671 1310 excerptis.

202 1315 277 1365 11„
306 1314 483 1359 Primus
501 1314 650 1376 itaque
669 1316 724 1359 Io.
744 1314 916 1374 Rosinus
936 1309 1194 1359 Isenacenfis
1212 1347 1224 1368 ‚
1269 1311 1542 1360 Ecclesiastes
1571 1313 1731 1378 templi
1757 1313 2018 1361 cathedralis

78 1378 444 1439 Numburgenfis
469 1411 479 1430 ,
529 1382 607 1441 qui
637 1385 690 1426 A.
719 1384 857 1434 1619.
885 1379 959 1424 vel
984 1378 1064 1425 sec.
1088 1380 1196 1425 alios
1225 1384 1365 1428 1626.
1385 1394 1416 1439 7
1442 1379 1631 1430 Oecobr.
1653 1379 1901 1445 pestilentia
1923 1398 2019 1429 cor-2

82 1463 234 1511 reptus
256 1445 392 1498 obiit,
438 1447 768 1508 Antiquitatum
795 1448 1099 1491 Romanarum
1130 1463 1294 1509 corpus
1314 1446 1441 1492 libris
1464 1448 1618 1494 decem
1641 1448 1904 1511 complexus
1923 1450 2017 1495 vul-¹

79 1517 200 1576 gauit
222 1511 408 1560 Bafileae
437 1517 491 1559 A.
522 1520 660 1572 1583.
692 1510 772 1562 fol.
819 1510 1021 1558 recusum
1048 1513 1190 1574 Lugd.
1224 1522 1361 1574 1609.
1390 1529 1436 1577 4.
1482 1514 1536 1560 de
1559 1531 1648 1577 quo
1672 1513 1791 1561 reste
1813 1517 2017 1563 Barthius

79 1583 132 1628 ad
153 1580 371 1628 Rutilium
391 1596 489 1644 pag.
517 1588 625 1635 188.
661 1577 814 1632 sentit,
870 1580 993 1643 quod
1023 1596 1159 1626 nemo
1190 1576 1286 1626 fere
1317 1582 1495 1627 minore
1525 1581 1771 1628 ambitione
1796 1583 1950 1629 Vtilius
1974 1599 2018 1631 et

78 1649 254 1715 planius
276 1650 362 1694 'res
402 1645 565 1712 priscas
601 1649 883 1693 iuuentutem
922 1647 1092 1696 doceat.
1189 1633 1363 1711 &eque
1393 1648 1751 1707 contemnendus
1788 1647 1848 1695 est
1888 1651 2018 1705 orde,

80 1734 216 1782 quern
239 1712 381 1762 seruat
409 1717 482 1761 vir
503 1712 860 1778 diligentiffimus
895 1730 1061 1774 etUnon
1093 1730 1264 1761 tantum
1298 1715 1525 1762 veteribus
1546 1718 1854 1763 monumentis
1875 1714 1948 1764 sed
1975 1733 2018 1765 et

79 1785 382 1832 recentiorum
404 1780 790 1830 obseruationibus
811 1780 971 1829 affidue
990 1781 1113 1830 vsus:
1165 1780 1386 1836 Onufrii‚>
1409 1786 1601 1830 Manutii
1616 1818 1626 1837 ,
1664 1785 1860 1846 Sigonii,
1898 1786 2017 1833 Ciac-

80 1853 216 1905 conii,
254 1852 573 1904 PetriPithoei,
614 1851 816 1904 Brodaei,
852 1851 1025 1904 Posteri,
1057 1851 1240 1910 Cuiacii,
1279 1849 1509 1904 Briss'onii,
1550 1854 1870 1905 Hottomanni,
1913 1856 2018 1901 Rae-

83 1920 223 1972 uardi,
250 1919 476 1973 Marliani,
515 1919 779 1980 Rhodigini‚
816 1918 1022 1983 Gyraldi‚
1061 1919 1293 1973 Gruechii,
1329 1920 1525 1975 Riuallii,
1562 1921 1761 1974 Gruteri,
1795 1920 2016 1974 Turnebi,

80 1986 221 2050 Lipfi'i
243 2001 286 2033 et
305 1988 526 2049 Scaligeri.
615 1991 883 2051 Qanquam
920 2004 1015 2033 non
1042 1988 1205 2049 ignoro
1227 1989 1445 2033 acerrimo
1465 1986 1657 2035 Reinefii
1679 1989 1847 2034 iudicio
1871 2006 1916 2053 p.
1942 1997 2018 2050 58.

80 2057 188 2109 Vax.
214 2052 394 2100 lefflon.
428 2057 477 2101 in
508 2055 701 2118 quoduis
730 2071 844 2119 opus
868 2055 1260 2102 condemnandum
1284 2057 1435 2120 potius
1457 2054 1674 2103 Rofinum
1696 2073 1829 2119 quam
1851 2056 1905 2103 ad
1928 2060 2015 2102 Ro=

79 2137 231 2168 manas
267 2123 546 2185 antiquitates
577 2124 839 2184 digerendas
871 2123 1200 2170 admittendum
1233 2120 1361 2170 fuisse
1382 2157 1394 2177 ‚
1444 2123 1567 2186 quod
1599 2124 1717 2172 nihil
1739 2121 2018 2187 sanivbique

78 2186 176 2253 fere
200 2188 377 2241 doceat,
422 2188 502 2234 nisi
535 2208 637 2236 cum
666 2188 865 2240 austeres
897 2193 1098 2253 integros
1120 2189 1351 2246 describit,
1399 2207 1530 2255 atque
1557 2206 1609 2238 vt
1639 2193 1697 2237 ait
1722 2210 1766 2256 p.
1795 2207 1869 2254 54.
1905 2205 2016 2254 quae

79 2258 326 2303 minimum
345 2256 577 2318 intelligit,
627 2257 789 2305 docere
811 2259 920 2305 alios
938 2257 1199 2323 praesumat.
1290 2259 1374 2305 Sed
1404 2276 1498 2305 non
1520 2261 1669 2305 minus
1692 2257 2015 2323 iniquiffimum

81 2320 238 2371 censeo
270 2325 357 2370 hoc
385 2323 604 2372 iudicium
636 2323 720 2373 effe
742 2343 875 2390 quarn
896 2329 1162 2373 acerrimum
1177 2360 1188 2380 ,
1237 2326 1342 2372 licet
1359 2327 1472 2373 illud
1491 2324 1729 2391 sequantur
1753 2342 1795 2372 et
1817 2324 2030 2390 probent

77 2392 350 2457 Kippingius
377 2389 516 2456 praef.
543 2393 602 2440 ‘ad
632 2395 814 2458 AntiqU.
834 2397 1025 2441 Roman.
1044 2395 1250 2441 Thomas
1269 2396 1458 2442 Crenius
1478 2398 1510 2441 I.
1546 2394 1768 2442 animadv.
1791 2392 2014 2456 Philolog.

79 2476 126 2525 p.
152 2475 226 2523 39.
257 2461 456 2523 itemque
477 2459 563 2506 alii.
646 2467 744 2524 Age
765 2463 888 2509 enim
911 2460 1001 2516 fac,
1052 2479 1148 2510 vno
1173 2463 1372 2509 alteroue
1397 2463 1500 2508 loco
1528 2458 1698 2524 lapsum
1727 2457 1856 2508 fuiffe
1877 2493 1888 2511 ,
1935 2459 2015 2523 qui

78 2529 257 2593 primus
291 2529 443 2574 omnia
479 2544 572 2574 vno
604 2526 721 2575 libro
752 2529 993 2594 complesti
1024 2545 1068 2577 et
1099 2532 1147 2576 in
1176 2527 1306 2576 vsurn
1339 2525 1641 2574 studiosorum
1661 2544 1716 2596 εις
1736 2529 1928 2591 antiquis
1950 2543 2014 2575 re-

82 2594 374 2659 centibusque
403 2595 563 2642 ordine
585 2595 799 2657 colligere
825 2596 875 2643 iic
894 2595 1129 2663 perspicue
1148 2598 1351 2658 digerere
1370 2610 1554 2642 conatus
1575 2593 1659 2649 est,
1695 2613 1807 2642 num
1828 2610 2013 2660 propte-

79 2675 154 2710 rea
173 2677 263 2709 tam
283 2663 528 2710 inhumane
560 2661 845 2727 accipiendus
874 2680 989 2722 erat,
1035 2665 1158 2728 quod
1193 2680 1290 2710 rem
1323 2664 1531 2709 omnium
1551 2660 1824 2711 confeffione
1843 2659 2012 2710 vtiliffi-

78 2745 202 2780 mam
224 2745 439 2797 quantum
459 2732 610 2798 potuit
630 2729 960 2797 diligentiffime
979 2729 1204 2799 perfecit?
1251 2731 1365 2797 Qis
1385 2747 1585 2797 vnquam
1603 2729 1654 2780 ab
1677 2731 1900 2780 litterariis
1921 2729 2010 2776 illis

105 2803 113 2811 ‘
220 2823 225 2827 ·
1113 2801 1169 2848 M
1210 2813 1237 2848 2
1866 2802 2013 2848 Ηειόιθ
