<?xml version="1.0" encoding="UTF-8"?>
<!DOCTYPE html PUBLIC "-//W3C//DTD XHTML 1.0 Transitional//EN"
    "http://www.w3.org/TR/xhtml1/DTD/xhtml1-transitional.dtd">
<html xmlns="http://www.w3.org/1999/xhtml" xml:lang="en" lang="en">
 <head>
  <title>
</title>
<meta http-equiv="Content-Type" content="text/html;charset=utf-8" />
  <meta name='ocr-system' content='tesseract 3.04.00' />
  <meta name='ocr-capabilities' content='ocr_page ocr_carea ocr_par ocr_line ocrx_word'/>
</head>
<body>
  <div class='ocr_page' id='page_1' title='image "./ioalbertifabrici00fabr/ioalbertifabrici00fabr_0858.png"; bbox 0 0 2263 3027; ppageno 0'>
   <div class='ocr_carea' id='block_1_1' title="bbox 180 81 1606 151">
    <p class='ocr_par' dir='ltr' id='par_1_1' title="bbox 180 81 1606 151">
     <span class='ocr_line' id='line_1_1' title="bbox 180 81 1606 151; baseline -0.004 -12"><span class='ocrx_word' id='word_1_1' title='bbox 180 89 276 146; x_wconf 74' lang='lat'>838</span> <span class='ocrx_word' id='word_1_2' title='bbox 697 81 847 134; x_wconf 83' lang='lat' dir='ltr'><strong>CAP.</strong></span> <span class='ocrx_word' id='word_1_3' title='bbox 889 83 1086 134; x_wconf 84' lang='lat' dir='ltr'><strong>XV111.</strong></span> <span class='ocrx_word' id='word_1_4' title='bbox 1140 82 1240 151; x_wconf 29' lang='lat' dir='ltr'>,DE</span> <span class='ocrx_word' id='word_1_5' title='bbox 1275 81 1606 134; x_wconf 83' lang='lat' dir='ltr'><strong>VESTIBVS</strong></span> 
     </span>
    </p>
   </div>
   <div class='ocr_carea' id='block_1_2' title="bbox 173 203 2145 2174">
    <p class='ocr_par' dir='ltr' id='par_1_2' title="bbox 173 203 2145 2174">
     <span class='ocr_line' id='line_1_2' title="bbox 175 203 2111 273; baseline 0.001 -21"><span class='ocrx_word' id='word_1_6' title='bbox 175 206 309 252; x_wconf 87' lang='lat' dir='ltr'>Vrim</span> <span class='ocrx_word' id='word_1_7' title='bbox 340 219 382 252; x_wconf 88' lang='lat' dir='ltr'>et</span> <span class='ocrx_word' id='word_1_8' title='bbox 409 208 634 253; x_wconf 87' lang='lat' dir='ltr'>Tummin</span> <span class='ocrx_word' id='word_1_9' title='bbox 669 209 962 254; x_wconf 84' lang='lat' dir='ltr'>commentati</span> <span class='ocrx_word' id='word_1_10' title='bbox 992 204 1114 264; x_wconf 87' lang='lat' dir='ltr'>sunt,</span> <span class='ocrx_word' id='word_1_11' title='bbox 1150 224 1263 272; x_wconf 88' lang='lat' dir='ltr'>quos</span> <span class='ocrx_word' id='word_1_12' title='bbox 1297 204 1430 273; x_wconf 83' lang='lat' dir='ltr'>supra</span> <span class='ocrx_word' id='word_1_13' title='bbox 1459 224 1566 272; x_wconf 59' lang='lat' dir='ltr'>pag.</span> <span class='ocrx_word' id='word_1_14' title='bbox 1585 220 1673 260; x_wconf 67' lang='lat' dir='ltr'>&lt;ot</span> <span class='ocrx_word' id='word_1_15' title='bbox 1700 203 1794 271; x_wconf 87' lang='lat' dir='ltr'><strong>sqq.</strong></span> <span class='ocrx_word' id='word_1_16' title='bbox 1825 206 2111 257; x_wconf 81' lang='lat' dir='ltr'>laudauimus.</span> 
     </span>
     <span class='ocr_line' id='line_1_3' title="bbox 174 271 2112 343; baseline 0.002 -24"><span class='ocrx_word' id='word_1_17' title='bbox 174 274 244 320; x_wconf 92' lang='lat' dir='ltr'>De</span> <span class='ocrx_word' id='word_1_18' title='bbox 266 273 417 319; x_wconf 83' lang='lat' dir='ltr'>balteo.</span> <span class='ocrx_word' id='word_1_19' title='bbox 433 271 689 320; x_wconf 85' lang='lat' dir='ltr'>sacerdotali</span> <span class='ocrx_word' id='word_1_20' title='bbox 712 275 820 323; x_wconf 86' lang='lat' dir='ltr'>vide</span> <span class='ocrx_word' id='word_1_21' title='bbox 842 277 949 322; x_wconf 78' lang='lat' dir='ltr'>Ioan.</span> <span class='ocrx_word' id='word_1_22' title='bbox 975 275 1196 343; x_wconf 78' lang='lat' dir='ltr'>Christoph.</span> <span class='ocrx_word' id='word_1_23' title='bbox 1227 276 1604 338; x_wconf 68' lang='lat' dir='ltr'>Wichmatzshansbn</span> <span class='ocrx_word' id='word_1_24' title='bbox 1623 272 1988 324; x_wconf 78' lang='lat' dir='ltr'>dissertationem.</span> <span class='ocrx_word' id='word_1_25' title='bbox 2004 279 2112 323; x_wconf 88' lang='lat' dir='ltr'>Wit-</span> 
     </span>
     <span class='ocr_line' id='line_1_4' title="bbox 173 339 2115 405; baseline 0.001 -17"><span class='ocrx_word' id='word_1_26' title='bbox 173 339 261 388; x_wconf 81' lang='lat' dir='ltr'>teb.</span> <span class='ocrx_word' id='word_1_27' title='bbox 296 355 350 402; x_wconf 84' lang='grc'>17</span> <span class='ocrx_word' id='word_1_28' title='bbox 367 356 432 403; x_wconf 93' lang='grc'>17.</span> <span class='ocrx_word' id='word_1_29' title='bbox 460 358 502 389; x_wconf 90' lang='lat' dir='ltr'>et</span> <span class='ocrx_word' id='word_1_30' title='bbox 525 342 579 389; x_wconf 89' lang='lat' dir='ltr'>de</span> <span class='ocrx_word' id='word_1_31' title='bbox 599 341 746 389; x_wconf 88' lang='lat' dir='ltr'>balteo</span> <span class='ocrx_word' id='word_1_32' title='bbox 767 340 1006 391; x_wconf 88' lang='lat' dir='ltr'>sacerdotis</span> <span class='ocrx_word' id='word_1_33' title='bbox 1028 341 1194 391; x_wconf 89' lang='lat' dir='ltr'>summi</span> <span class='ocrx_word' id='word_1_34' title='bbox 1220 347 1330 391; x_wconf 83' lang='lat' dir='ltr'>Ioan.</span> <span class='ocrx_word' id='word_1_35' title='bbox 1360 345 1493 392; x_wconf 81' lang='lat' dir='ltr'>Andr.</span> <span class='ocrx_word' id='word_1_36' title='bbox 1517 343 1686 405; x_wconf 83' lang='lat' dir='ltr'>Cleffelii</span> <span class='ocrx_word' id='word_1_37' title='bbox 1707 339 2029 390; x_wconf 67' lang='lat' dir='ltr'>dissertationes</span> <span class='ocrx_word' id='word_1_38' title='bbox 2053 342 2115 390; x_wconf 89' lang='lat' dir='ltr'>bi·</span> 
     </span>
     <span class='ocr_line' id='line_1_5' title="bbox 174 408 2116 475; baseline 0.001 -21"><span class='ocrx_word' id='word_1_39' title='bbox 174 426 261 455; x_wconf 81' lang='lat' dir='ltr'>nas.</span> <span class='ocrx_word' id='word_1_40' title='bbox 294 408 400 455; x_wconf 85' lang='lat' dir='ltr'>ibid.</span> <span class='ocrx_word' id='word_1_41' title='bbox 444 424 567 473; x_wconf 84' lang='lat'>¹7¹7</span> <span class='ocrx_word' id='word_1_42' title='bbox 597 425 640 457; x_wconf 88' lang='lat' dir='ltr'>et</span> <span class='ocrx_word' id='word_1_43' title='bbox 676 419 815 467; x_wconf 82' lang='lat'><strong>1718.</strong></span> <span class='ocrx_word' id='word_1_44' title='bbox 847 428 890 459; x_wconf 91' lang='lat' dir='ltr'>et</span> <span class='ocrx_word' id='word_1_45' title='bbox 911 412 1124 459; x_wconf 80' lang='lat' dir='ltr'>-Wilhelmi</span> <span class='ocrx_word' id='word_1_46' title='bbox 1151 413 1314 475; x_wconf 68' lang='lat' dir='ltr'>Ernesti</span> <span class='ocrx_word' id='word_1_47' title='bbox 1340 413 1498 460; x_wconf 68' lang='lat' dir='ltr'>Emaldi</span> <span class='ocrx_word' id='word_1_48' title='bbox 1526 412 1804 458; x_wconf 81' lang='lat' dir='ltr'>Emblemata</span> <span class='ocrx_word' id='word_1_49' title='bbox 1832 408 2042 457; x_wconf 78' lang='lat' dir='ltr'>sacralib.</span> <span class='ocrx_word' id='word_1_50' title='bbox 2069 427 2116 474; x_wconf 78' lang='lat'><strong>4.</strong></span> 
     </span>
     <span class='ocr_line' id='line_1_6' title="bbox 174 476 2118 546; baseline 0.002 -24"><span class='ocrx_word' id='word_1_51' title='bbox 174 494 271 542; x_wconf 83' lang='lat' dir='ltr'>pag.</span> <span class='ocrx_word' id='word_1_52' title='bbox 299 492 406 534; x_wconf 84' lang='lat'><strong>501.</strong></span> <span class='ocrx_word' id='word_1_53' title='bbox 485 482 553 525; x_wconf 88' lang='lat' dir='ltr'>De</span> <span class='ocrx_word' id='word_1_54' title='bbox 574 477 770 527; x_wconf 84' lang='lat' dir='ltr'>vestibus</span> <span class='ocrx_word' id='word_1_55' title='bbox 793 477 976 545; x_wconf 80' lang='lat' dir='ltr'>byffinis</span> <span class='ocrx_word' id='word_1_56' title='bbox 996 485 1041 528; x_wconf 81' lang='lat' dir='ltr'>P.</span> <span class='ocrx_word' id='word_1_57' title='bbox 1065 484 1131 531; x_wconf 90' lang='lat' dir='ltr'>M.</span> <span class='ocrx_word' id='word_1_58' title='bbox 1153 483 1421 546; x_wconf 82' lang='lat' dir='ltr'>expiationis</span> <span class='ocrx_word' id='word_1_59' title='bbox 1455 477 1566 527; x_wconf 86' lang='lat' dir='ltr'>festo</span> <span class='ocrx_word' id='word_1_60' title='bbox 1600 476 1949 527; x_wconf 68' lang='lat' dir='ltr'>dissertationem</span> <span class='ocrx_word' id='word_1_61' title='bbox 1977 478 2118 526; x_wconf 79' lang='lat' dir='ltr'>edidit</span> 
     </span>
     <span class='ocr_line' id='line_1_7' title="bbox 173 544 2116 613; baseline 0 -21"><span class='ocrx_word' id='word_1_62' title='bbox 173 547 287 592; x_wconf 81' lang='lat' dir='ltr'>Ioan.</span> <span class='ocrx_word' id='word_1_63' title='bbox 311 547 625 598; x_wconf 79' lang='lat' dir='ltr'>Oldermannus.</span> <span class='ocrx_word' id='word_1_64' title='bbox 653 547 924 595; x_wconf 82' lang='lat' dir='ltr'>Helmstadii</span> <span class='ocrx_word' id='word_1_65' title='bbox 955 564 1092 612; x_wconf 83' lang='lat'><strong>¹7¹7·</strong></span> <span class='ocrx_word' id='word_1_66' title='bbox 1162 549 1445 601; x_wconf 82' lang='lat' dir='ltr'>Sacerdotes,</span> <span class='ocrx_word' id='word_1_67' title='bbox 1488 548 1568 595; x_wconf 73' lang='lat' dir='ltr'>nisi</span> <span class='ocrx_word' id='word_1_68' title='bbox 1601 565 1742 613; x_wconf 88' lang='lat' dir='ltr'>quum</span> <span class='ocrx_word' id='word_1_69' title='bbox 1777 544 1892 593; x_wconf 61' lang='lat' dir='ltr'>sacra</span> <span class='ocrx_word' id='word_1_70' title='bbox 1924 547 2116 594; x_wconf 81' lang='lat' dir='ltr'>admini-</span> 
     </span>
     <span class='ocr_line' id='line_1_8' title="bbox 173 610 2119 681; baseline 0.001 -23"><span class='ocrx_word' id='word_1_71' title='bbox 173 610 384 669; x_wconf 77' lang='lat' dir='ltr'>strarent,</span> <span class='ocrx_word' id='word_1_72' title='bbox 426 610 619 661; x_wconf 81' lang='lat' dir='ltr'>vestibus</span> <span class='ocrx_word' id='word_1_73' title='bbox 639 610 958 664; x_wconf 82' lang='lat' dir='ltr'>communibus</span> <span class='ocrx_word' id='word_1_74' title='bbox 981 614 1081 664; x_wconf 86' lang='lat' dir='ltr'>vsos</span> <span class='ocrx_word' id='word_1_75' title='bbox 1100 611 1250 670; x_wconf 79' lang='lat' dir='ltr'>fuisse,</span> <span class='ocrx_word' id='word_1_76' title='bbox 1288 613 1512 680; x_wconf 75' lang='lat' dir='ltr'>sacrasque</span> <span class='ocrx_word' id='word_1_77' title='bbox 1536 619 1584 663; x_wconf 86' lang='lat' dir='ltr'>in</span> <span class='ocrx_word' id='word_1_78' title='bbox 1606 617 1801 681; x_wconf 63' lang='lat' dir='ltr'>temple),</span> <span class='ocrx_word' id='word_1_79' title='bbox 1839 616 1912 662; x_wconf 85' lang='lat' dir='ltr'>vel</span> <span class='ocrx_word' id='word_1_80' title='bbox 1933 617 1979 661; x_wconf 92' lang='lat' dir='ltr'>in</span> <span class='ocrx_word' id='word_1_81' title='bbox 2004 617 2119 661; x_wconf 85' lang='lat' dir='ltr'>turri</span> 
     </span>
     <span class='ocr_line' id='line_1_9' title="bbox 174 680 2119 746; baseline 0.001 -18"><span class='ocrx_word' id='word_1_82' title='bbox 174 681 365 728; x_wconf 82' lang='lat' dir='ltr'>Antonii</span> <span class='ocrx_word' id='word_1_83' title='bbox 387 687 406 711; x_wconf 89' lang='lat'>²</span> <span class='ocrx_word' id='word_1_84' title='bbox 429 680 657 730; x_wconf 77' lang='lat' dir='ltr'>affetu-atas</span> <span class='ocrx_word' id='word_1_85' title='bbox 687 684 852 732; x_wconf 80' lang='lat' dir='ltr'>docent</span> <span class='ocrx_word' id='word_1_86' title='bbox 879 689 1093 733; x_wconf 81' lang='lat' dir='ltr'>Braunius</span> <span class='ocrx_word' id='word_1_87' title='bbox 1124 685 1178 733; x_wconf 90' lang='lat' dir='ltr'>de</span> <span class='ocrx_word' id='word_1_88' title='bbox 1212 683 1371 732; x_wconf 87' lang='lat' dir='ltr'>vestitu</span> <span class='ocrx_word' id='word_1_89' title='bbox 1402 683 1523 732; x_wconf 89' lang='lat' dir='ltr'>sacro</span> <span class='ocrx_word' id='word_1_90' title='bbox 1549 683 1887 736; x_wconf 75' lang='lat' dir='ltr'>Hebraeorum,</span> <span class='ocrx_word' id='word_1_91' title='bbox 1926 699 1969 730; x_wconf 94' lang='lat' dir='ltr'>et</span> <span class='ocrx_word' id='word_1_92' title='bbox 1999 686 2119 746; x_wconf 85' lang='lat' dir='ltr'>Dey-</span> 
     </span>
     <span class='ocr_line' id='line_1_10' title="bbox 173 748 2116 818; baseline 0.002 -24"><span class='ocrx_word' id='word_1_93' title='bbox 173 749 340 811; x_wconf 80' lang='lat' dir='ltr'>lingius</span> <span class='ocrx_word' id='word_1_94' title='bbox 363 766 487 814; x_wconf 73' lang='lat' dir='ltr'>parte</span> <span class='ocrx_word' id='word_1_95' title='bbox 504 765 543 811; x_wconf 82' lang='lat'><strong>3.</strong></span> <span class='ocrx_word' id='word_1_96' title='bbox 570 748 788 801; x_wconf 83' lang='lat' dir='ltr'>obseruat.</span> <span class='ocrx_word' id='word_1_97' title='bbox 803 749 905 801; x_wconf 77' lang='lat' dir='ltr'>sacr.</span> <span class='ocrx_word' id='word_1_98' title='bbox 928 771 1027 818; x_wconf 84' lang='lat' dir='ltr'><strong>pag.</strong></span> <span class='ocrx_word' id='word_1_99' title='bbox 1046 768 1150 811; x_wconf 80' lang='lat'><strong>325.</strong></span> <span class='ocrx_word' id='word_1_100' title='bbox 1222 756 1291 800; x_wconf 90' lang='lat' dir='ltr'>De</span> <span class='ocrx_word' id='word_1_101' title='bbox 1313 751 1507 800; x_wconf 89' lang='lat' dir='ltr'>vestibus</span> <span class='ocrx_word' id='word_1_102' title='bbox 1533 770 1576 800; x_wconf 91' lang='lat' dir='ltr'>et</span> <span class='ocrx_word' id='word_1_103' title='bbox 1597 752 1873 800; x_wconf 79' lang='lat' dir='ltr'>ornamentis</span> <span class='ocrx_word' id='word_1_104' title='bbox 1888 750 2116 798; x_wconf 85' lang='lat' dir='ltr'>Hebraeo-</span> 
     </span>
     <span class='ocr_line' id='line_1_11' title="bbox 173 815 2118 886; baseline 0.002 -25"><span class='ocrx_word' id='word_1_105' title='bbox 173 833 275 862; x_wconf 85' lang='lat' dir='ltr'>rum</span> <span class='ocrx_word' id='word_1_106' title='bbox 299 821 583 881; x_wconf 85' lang='lat' dir='ltr'>priuatorum</span> <span class='ocrx_word' id='word_1_107' title='bbox 606 822 886 882; x_wconf 77' lang='lat' dir='ltr'>Leydeckerus</span> <span class='ocrx_word' id='word_1_108' title='bbox 908 815 1003 868; x_wconf 86' lang='lat' dir='ltr'><strong>XII.</strong></span> <span class='ocrx_word' id='word_1_109' title='bbox 1028 828 1068 878; x_wconf 82' lang='lat'>8.</span> <span class='ocrx_word' id='word_1_110' title='bbox 1092 821 1146 868; x_wconf 90' lang='lat' dir='ltr'>de</span> <span class='ocrx_word' id='word_1_111' title='bbox 1161 824 1270 886; x_wconf 24' lang='lat' dir='ltr'>Rep..</span> <span class='ocrx_word' id='word_1_112' title='bbox 1287 822 1431 869; x_wconf 86' lang='lat' dir='ltr'>Hebr.</span> <span class='ocrx_word' id='word_1_113' title='bbox 1503 825 1572 869; x_wconf 91' lang='lat' dir='ltr'>De</span> <span class='ocrx_word' id='word_1_114' title='bbox 1596 819 1789 868; x_wconf 76' lang='lat' dir='ltr'>vestibus</span> <span class='ocrx_word' id='word_1_115' title='bbox 1810 834 1853 866; x_wconf 87' lang='lat' dir='ltr'>et</span> <span class='ocrx_word' id='word_1_116' title='bbox 1874 828 2118 867; x_wconf 84' lang='lat' dir='ltr'>ornamen-</span> 
     </span>
     <span class='ocr_line' id='line_1_12' title="bbox 173 886 2117 953; baseline 0.001 -22"><span class='ocrx_word' id='word_1_117' title='bbox 173 886 229 932; x_wconf 81' lang='lat' dir='ltr'>tis</span> <span class='ocrx_word' id='word_1_118' title='bbox 252 901 411 946; x_wconf 77' lang='lat' dir='ltr'>regum</span> <span class='ocrx_word' id='word_1_119' title='bbox 435 888 553 952; x_wconf 88' lang='lat' dir='ltr'>apud</span> <span class='ocrx_word' id='word_1_120' title='bbox 575 888 838 948; x_wconf 78' lang='lat' dir='ltr'>Hebraeos,</span> <span class='ocrx_word' id='word_1_121' title='bbox 886 888 1087 936; x_wconf 79' lang='lat' dir='ltr'>Scacchus</span> <span class='ocrx_word' id='word_1_122' title='bbox 1118 892 1196 938; x_wconf 86' lang='lat' dir='ltr'><strong>III.</strong></span> <span class='ocrx_word' id='word_1_123' title='bbox 1230 891 1494 953; x_wconf 65' lang='lat' dir='ltr'>Mywrhoe.</span> <span class='ocrx_word' id='word_1_124' title='bbox 1515 898 1695 950; x_wconf 81' lang='lat'><strong>38-43.</strong></span> <span class='ocrx_word' id='word_1_125' title='bbox 1765 887 1893 936; x_wconf 84' lang='lat' dir='ltr'>Albis</span> <span class='ocrx_word' id='word_1_126' title='bbox 1923 887 2117 936; x_wconf 87' lang='lat' dir='ltr'>vestibus</span> 
     </span>
     <span class='ocr_line' id='line_1_13' title="bbox 175 952 2145 1018; baseline 0.001 -18"><span class='ocrx_word' id='word_1_127' title='bbox 175 952 417 1001; x_wconf 61' lang='lat' dir='ltr'>delestatos</span> <span class='ocrx_word' id='word_1_128' title='bbox 449 971 543 1001; x_wconf 91' lang='lat' dir='ltr'>non</span> <span class='ocrx_word' id='word_1_129' title='bbox 573 956 713 1002; x_wconf 85' lang='lat' dir='ltr'>modo</span> <span class='ocrx_word' id='word_1_130' title='bbox 744 953 992 1004; x_wconf 81' lang='lat' dir='ltr'>sacerdotes</span> <span class='ocrx_word' id='word_1_131' title='bbox 1013 954 1097 1003; x_wconf 79' lang='lat' dir='ltr'>esse</span> <span class='ocrx_word' id='word_1_132' title='bbox 1127 972 1170 1004; x_wconf 90' lang='lat' dir='ltr'>et</span> <span class='ocrx_word' id='word_1_133' title='bbox 1190 955 1394 1003; x_wconf 85' lang='lat' dir='ltr'>honestas</span> <span class='ocrx_word' id='word_1_134' title='bbox 1415 955 1631 1011; x_wconf 83' lang='lat' dir='ltr'>feminas,</span> <span class='ocrx_word' id='word_1_135' title='bbox 1667 956 1742 1004; x_wconf 87' lang='lat' dir='ltr'>sed</span> <span class='ocrx_word' id='word_1_136' title='bbox 1763 957 2118 1018; x_wconf 80' lang='lat' dir='ltr'>etiam&#39;virgines</span> <span class='ocrx_word' id='word_1_137' title='bbox 2143 964 2145 966; x_wconf 80' lang='grc'><strong>’</strong></span> 
     </span>
     <span class='ocr_line' id='line_1_14' title="bbox 174 1018 2121 1087; baseline 0.001 -19"><span class='ocrx_word' id='word_1_138' title='bbox 174 1034 218 1068; x_wconf 82' lang='lat' dir='ltr'>et</span> <span class='ocrx_word' id='word_1_139' title='bbox 238 1018 417 1086; x_wconf 82' lang='lat' dir='ltr'>sponsas</span> <span class='ocrx_word' id='word_1_140' title='bbox 440 1020 633 1070; x_wconf 86' lang='lat' dir='ltr'>ostendit</span> <span class='ocrx_word' id='word_1_141' title='bbox 653 1026 805 1070; x_wconf 74' lang='lat' dir='ltr'>Franc.</span> <span class='ocrx_word' id='word_1_142' title='bbox 837 1028 1067 1072; x_wconf 74' lang='lat' dir='ltr'>Woclzenins</span> <span class='ocrx_word' id='word_1_143' title='bbox 1090 1027 1136 1070; x_wconf 92' lang='lat' dir='ltr'>in</span> <span class='ocrx_word' id='word_1_144' title='bbox 1166 1028 1501 1085; x_wconf 84' lang='lat' dir='ltr'>Programmate</span> <span class='ocrx_word' id='word_1_145' title='bbox 1522 1026 1578 1072; x_wconf 87' lang='lat' dir='ltr'>ad</span> <span class='ocrx_word' id='word_1_146' title='bbox 1607 1028 1859 1073; x_wconf 88' lang='lat' dir='ltr'>orationem</span> <span class='ocrx_word' id='word_1_147' title='bbox 1890 1028 2121 1087; x_wconf 80' lang='lat' dir='ltr'>inaugura·</span> 
     </span>
     <span class='ocr_line' id='line_1_15' title="bbox 174 1090 2121 1158; baseline 0 -22"><span class='ocrx_word' id='word_1_148' title='bbox 174 1090 266 1136; x_wconf 87' lang='lat' dir='ltr'>lem</span> <span class='ocrx_word' id='word_1_149' title='bbox 290 1091 471 1137; x_wconf 89' lang='lat' dir='ltr'>Witteb.</span> <span class='ocrx_word' id='word_1_150' title='bbox 504 1105 644 1151; x_wconf 85' lang='lat'><strong>1727.</strong></span> <span class='ocrx_word' id='word_1_151' title='bbox 678 1092 734 1138; x_wconf 90' lang='lat' dir='ltr'>de</span> <span class='ocrx_word' id='word_1_152' title='bbox 762 1092 873 1138; x_wconf 87' lang='lat' dir='ltr'>albis</span> <span class='ocrx_word' id='word_1_153' title='bbox 899 1092 1167 1138; x_wconf 84' lang='lat' dir='ltr'>Iudaeorum</span> <span class='ocrx_word' id='word_1_154' title='bbox 1190 1090 1403 1146; x_wconf 85' lang='lat' dir='ltr'>vestibus,</span> <span class='ocrx_word' id='word_1_155' title='bbox 1441 1107 1484 1139; x_wconf 91' lang='lat' dir='ltr'>et</span> <span class='ocrx_word' id='word_1_156' title='bbox 1504 1094 1553 1140; x_wconf 88' lang='lat' dir='ltr'>in</span> <span class='ocrx_word' id='word_1_157' title='bbox 1583 1090 1754 1140; x_wconf 69' lang='lat' dir='ltr'>seleffls</span> <span class='ocrx_word' id='word_1_158' title='bbox 1777 1091 1905 1140; x_wconf 85' lang='lat' dir='ltr'>sacris</span> <span class='ocrx_word' id='word_1_159' title='bbox 1927 1108 2051 1158; x_wconf 86' lang='lat' dir='ltr'>parte</span> <span class='ocrx_word' id='word_1_160' title='bbox 2073 1104 2121 1143; x_wconf 90' lang='lat'>2.</span> 
     </span>
     <span class='ocr_line' id='line_1_16' title="bbox 177 1156 2119 1224; baseline 0.001 -20"><span class='ocrx_word' id='word_1_161' title='bbox 177 1156 282 1204; x_wconf 85' lang='lat' dir='ltr'>ibid.</span> <span class='ocrx_word' id='word_1_162' title='bbox 320 1167 460 1216; x_wconf 83' lang='lat'><strong>1728.</strong></span> <span class='ocrx_word' id='word_1_163' title='bbox 483 1172 526 1219; x_wconf 85' lang='lat'>4.</span> <span class='ocrx_word' id='word_1_164' title='bbox 597 1161 667 1205; x_wconf 91' lang='lat' dir='ltr'>De</span> <span class='ocrx_word' id='word_1_165' title='bbox 691 1158 886 1206; x_wconf 79' lang='lat' dir='ltr'>vestibus</span> <span class='ocrx_word' id='word_1_166' title='bbox 913 1159 1112 1206; x_wconf 86' lang='lat' dir='ltr'>odoratis</span> <span class='ocrx_word' id='word_1_167' title='bbox 1142 1175 1468 1224; x_wconf 86' lang='lat' dir='ltr'>vnguentoque</span> <span class='ocrx_word' id='word_1_168' title='bbox 1498 1157 1798 1222; x_wconf 81' lang='lat' dir='ltr'>fragrantibus</span> <span class='ocrx_word' id='word_1_169' title='bbox 1819 1158 1984 1208; x_wconf 74' lang='lat' dir='ltr'>disserit</span> <span class='ocrx_word' id='word_1_170' title='bbox 2005 1163 2119 1207; x_wconf 87' lang='lat' dir='ltr'><strong>Ioan.</strong></span> 
     </span>
     <span class='ocr_line' id='line_1_17' title="bbox 175 1223 2118 1293; baseline -0.001 -19"><span class='ocrx_word' id='word_1_171' title='bbox 175 1226 318 1274; x_wconf 79' lang='lat' dir='ltr'>Henr.</span> <span class='ocrx_word' id='word_1_172' title='bbox 339 1229 488 1272; x_wconf 55' lang='grc' dir='ltr'><em>Μαῖα]</em></span> <span class='ocrx_word' id='word_1_173' title='bbox 512 1223 729 1276; x_wconf 66' lang='lat' dir='ltr'>obseruat„</span> <span class='ocrx_word' id='word_1_174' title='bbox 751 1225 855 1274; x_wconf 86' lang='lat' dir='ltr'>sacr.</span> <span class='ocrx_word' id='word_1_175' title='bbox 881 1227 958 1274; x_wconf 84' lang='lat' dir='ltr'>lib.</span> <span class='ocrx_word' id='word_1_176' title='bbox 984 1246 1024 1288; x_wconf 85' lang='lat'><strong>3.</strong></span> <span class='ocrx_word' id='word_1_177' title='bbox 1048 1229 1147 1293; x_wconf 67' lang='lat' dir='ltr'>pag.</span> <span class='ocrx_word' id='word_1_178' title='bbox 1181 1241 1271 1278; x_wconf 88' lang='lat'>102</span> <span class='ocrx_word' id='word_1_179' title='bbox 1296 1225 1388 1292; x_wconf 87' lang='lat' dir='ltr'><strong>sqq.</strong></span> <span class='ocrx_word' id='word_1_180' title='bbox 1412 1228 1514 1275; x_wconf 89' lang='lat' dir='ltr'>edit.</span> <span class='ocrx_word' id='word_1_181' title='bbox 1535 1223 1762 1276; x_wconf 81' lang='lat' dir='ltr'>secundae.</span> <span class='ocrx_word' id='word_1_182' title='bbox 1832 1231 1902 1275; x_wconf 91' lang='lat' dir='ltr'>De</span> <span class='ocrx_word' id='word_1_183' title='bbox 1923 1227 2118 1275; x_wconf 86' lang='lat' dir='ltr'>vestibus</span> 
     </span>
     <span class='ocr_line' id='line_1_18' title="bbox 175 1292 2120 1360; baseline 0.001 -21"><span class='ocrx_word' id='word_1_184' title='bbox 175 1292 497 1340; x_wconf 75' lang='lat' dir='ltr'>Hebraeorum</span> <span class='ocrx_word' id='word_1_185' title='bbox 535 1292 795 1353; x_wconf 78' lang='lat' dir='ltr'>fimbriatis,</span> <span class='ocrx_word' id='word_1_186' title='bbox 837 1297 1106 1360; x_wconf 85' lang='lat' dir='ltr'>interpretes</span> <span class='ocrx_word' id='word_1_187' title='bbox 1136 1296 1191 1343; x_wconf 86' lang='lat' dir='ltr'>ad</span> <span class='ocrx_word' id='word_1_188' title='bbox 1220 1299 1360 1345; x_wconf 86' lang='lat' dir='ltr'><strong>Num.</strong></span> <span class='ocrx_word' id='word_1_189' title='bbox 1389 1300 1485 1345; x_wconf 89' lang='lat' dir='ltr'>XV.</span> <span class='ocrx_word' id='word_1_190' title='bbox 1510 1302 1584 1356; x_wconf 84' lang='lat'>38.</span> <span class='ocrx_word' id='word_1_191' title='bbox 1656 1296 1906 1344; x_wconf 75' lang='lat' dir='ltr'>Matthaeus</span> <span class='ocrx_word' id='word_1_192' title='bbox 1928 1298 2120 1342; x_wconf 81' lang='lat' dir='ltr'>Hillerus</span> 
     </span>
     <span class='ocr_line' id='line_1_19' title="bbox 175 1357 2120 1427; baseline 0.002 -21"><span class='ocrx_word' id='word_1_193' title='bbox 175 1362 224 1407; x_wconf 83' lang='lat' dir='ltr'>in</span> <span class='ocrx_word' id='word_1_194' title='bbox 243 1357 334 1406; x_wconf 81' lang='lat' dir='ltr'>diff.</span> <span class='ocrx_word' id='word_1_195' title='bbox 358 1361 474 1408; x_wconf 69' lang='lat' dir='ltr'>edita</span> <span class='ocrx_word' id='word_1_196' title='bbox 500 1362 704 1424; x_wconf 81' lang='lat' dir='ltr'>Tubing;</span> <span class='ocrx_word' id='word_1_197' title='bbox 736 1377 873 1424; x_wconf 89' lang='grc'>1701.</span> <span class='ocrx_word' id='word_1_198' title='bbox 945 1364 1107 1425; x_wconf 83' lang='lat' dir='ltr'>Christi.</span> <span class='ocrx_word' id='word_1_199' title='bbox 1130 1363 1329 1411; x_wconf 82' lang='lat' dir='ltr'>Lubecius</span> <span class='ocrx_word' id='word_1_200' title='bbox 1361 1367 1409 1411; x_wconf 91' lang='lat' dir='ltr'>in</span> <span class='ocrx_word' id='word_1_201' title='bbox 1439 1361 1599 1412; x_wconf 78' lang='lat' dir='ltr'>differt.</span> <span class='ocrx_word' id='word_1_202' title='bbox 1629 1365 1684 1412; x_wconf 87' lang='lat' dir='ltr'>de</span> <span class='ocrx_word' id='word_1_203' title='bbox 1717 1362 2012 1421; x_wconf 84' lang='lat' dir='ltr'>decisionibus</span> <span class='ocrx_word' id='word_1_204' title='bbox 2044 1379 2120 1427; x_wconf 85' lang='lat' dir='ltr'>pe-</span> 
     </span>
     <span class='ocr_line' id='line_1_20' title="bbox 175 1428 2122 1498; baseline 0.003 -23"><span class='ocrx_word' id='word_1_205' title='bbox 175 1429 469 1476; x_wconf 86' lang='lat' dir='ltr'>niculamenti</span> <span class='ocrx_word' id='word_1_206' title='bbox 495 1430 826 1480; x_wconf 85' lang='lat' dir='ltr'>Hebraeorum.</span> <span class='ocrx_word' id='word_1_207' title='bbox 848 1428 966 1496; x_wconf 90' lang='lat' dir='ltr'>Lips.</span> <span class='ocrx_word' id='word_1_208' title='bbox 996 1435 1137 1489; x_wconf 87' lang='lat'><strong>1688.</strong></span> <span class='ocrx_word' id='word_1_209' title='bbox 1209 1435 1264 1479; x_wconf 91' lang='lat' dir='ltr'><strong>Io.</strong></span> <span class='ocrx_word' id='word_1_210' title='bbox 1284 1435 1452 1481; x_wconf 79' lang='lat' dir='ltr'>Frider.</span> <span class='ocrx_word' id='word_1_211' title='bbox 1466 1437 1588 1480; x_wconf 79' lang='lat' dir='ltr'>Cotta</span> <span class='ocrx_word' id='word_1_212' title='bbox 1608 1434 1654 1479; x_wconf 88' lang='lat' dir='ltr'>in</span> <span class='ocrx_word' id='word_1_213' title='bbox 1669 1429 1841 1482; x_wconf 77' lang='lat' dir='ltr'>differt.</span> <span class='ocrx_word' id='word_1_214' title='bbox 1862 1431 1917 1480; x_wconf 89' lang='lat' dir='ltr'>de</span> <span class='ocrx_word' id='word_1_215' title='bbox 1939 1434 2122 1498; x_wconf 86' lang='lat' dir='ltr'>penicu-</span> 
     </span>
     <span class='ocr_line' id='line_1_21' title="bbox 176 1497 2122 1562; baseline 0.003 -19"><span class='ocrx_word' id='word_1_216' title='bbox 176 1497 382 1544; x_wconf 83' lang='lat' dir='ltr'>lamentis</span> <span class='ocrx_word' id='word_1_217' title='bbox 404 1497 933 1561; x_wconf 86' lang='lat' dir='ltr'>Iudaeorum.Goetting.</span> <span class='ocrx_word' id='word_1_218' title='bbox 961 1515 1100 1562; x_wconf 82' lang='lat'><strong>1737·</strong></span> <span class='ocrx_word' id='word_1_219' title='bbox 1169 1502 1282 1549; x_wconf 80' lang='lat' dir='ltr'><strong>Ioan.</strong></span> <span class='ocrx_word' id='word_1_220' title='bbox 1303 1504 1439 1548; x_wconf 82' lang='lat' dir='ltr'>Henr.</span> <span class='ocrx_word' id='word_1_221' title='bbox 1464 1504 1600 1555; x_wconf 84' lang='lat' dir='ltr'>Maii,</span> <span class='ocrx_word' id='word_1_222' title='bbox 1639 1498 1700 1546; x_wconf 82' lang='lat' dir='ltr'><strong>fil.</strong></span> <span class='ocrx_word' id='word_1_223' title='bbox 1722 1502 1817 1546; x_wconf 89' lang='lat' dir='ltr'>iura</span> <span class='ocrx_word' id='word_1_224' title='bbox 1837 1497 2122 1548; x_wconf 74' lang='lat' dir='ltr'>fimbriarum</span> 
     </span>
     <span class='ocr_line' id='line_1_22' title="bbox 177 1563 2119 1633; baseline 0.004 -22"><span class='ocrx_word' id='word_1_225' title='bbox 177 1581 232 1611; x_wconf 81' lang='lat' dir='ltr'>ex</span> <span class='ocrx_word' id='word_1_226' title='bbox 272 1567 323 1613; x_wconf 92' lang='lat' dir='ltr'>R.</span> <span class='ocrx_word' id='word_1_227' title='bbox 357 1563 487 1614; x_wconf 87' lang='lat' dir='ltr'>Mose</span> <span class='ocrx_word' id='word_1_228' title='bbox 516 1566 604 1614; x_wconf 89' lang='lat' dir='ltr'>ben</span> <span class='ocrx_word' id='word_1_229' title='bbox 651 1570 859 1614; x_wconf 88' lang='lat' dir='ltr'>Maimon</span> <span class='ocrx_word' id='word_1_230' title='bbox 893 1565 1143 1632; x_wconf 76' lang='lat' dir='ltr'>descripta,</span> <span class='ocrx_word' id='word_1_231' title='bbox 1188 1568 1324 1616; x_wconf 91' lang='lat' dir='ltr'>latine</span> <span class='ocrx_word' id='word_1_232' title='bbox 1358 1568 1532 1616; x_wconf 86' lang='lat' dir='ltr'>reddita</span> <span class='ocrx_word' id='word_1_233' title='bbox 1561 1584 1693 1633; x_wconf 82' lang='lat' dir='ltr'>atque</span> <span class='ocrx_word' id='word_1_234' title='bbox 1735 1570 1856 1615; x_wconf 86' lang='lat' dir='ltr'>notis</span> <span class='ocrx_word' id='word_1_235' title='bbox 1894 1568 2119 1619; x_wconf 78' lang='lat' dir='ltr'>illustrata.</span> 
     </span>
     <span class='ocr_line' id='line_1_23' title="bbox 176 1635 2119 1702; baseline 0.002 -24"><span class='ocrx_word' id='word_1_236' title='bbox 176 1636 331 1684; x_wconf 83' lang='lat' dir='ltr'>Franc.</span> <span class='ocrx_word' id='word_1_237' title='bbox 361 1649 501 1693; x_wconf 91' lang='grc'>1710.</span> <span class='ocrx_word' id='word_1_238' title='bbox 523 1653 565 1693; x_wconf 91' lang='lat'>4.</span> <span class='ocrx_word' id='word_1_239' title='bbox 591 1650 634 1682; x_wconf 91' lang='lat' dir='ltr'>et</span> <span class='ocrx_word' id='word_1_240' title='bbox 653 1639 803 1701; x_wconf 80' lang='lat' dir='ltr'>Georg.</span> <span class='ocrx_word' id='word_1_241' title='bbox 827 1637 954 1687; x_wconf 79' lang='lat' dir='ltr'>Eliez,</span> <span class='ocrx_word' id='word_1_242' title='bbox 978 1638 1206 1682; x_wconf 80' lang='lat' dir='ltr'>Edzardus</span> <span class='ocrx_word' id='word_1_243' title='bbox 1228 1637 1281 1683; x_wconf 86' lang='lat' dir='ltr'>ad</span> <span class='ocrx_word' id='word_1_244' title='bbox 1303 1638 1460 1700; x_wconf 84' lang='lat' dir='ltr'>Auoda</span> <span class='ocrx_word' id='word_1_245' title='bbox 1478 1635 1569 1684; x_wconf 75' lang='lat' dir='ltr'>sara</span> <span class='ocrx_word' id='word_1_246' title='bbox 1592 1654 1683 1702; x_wconf 79' lang='lat' dir='ltr'>cap.</span> <span class='ocrx_word' id='word_1_247' title='bbox 1707 1650 1749 1686; x_wconf 90' lang='lat'>2.</span> <span class='ocrx_word' id='word_1_248' title='bbox 1769 1653 1868 1700; x_wconf 74' lang='lat' dir='ltr'><strong>pag.</strong></span> <span class='ocrx_word' id='word_1_249' title='bbox 1896 1656 1917 1700; x_wconf 82' lang='lat'>5</span> <span class='ocrx_word' id='word_1_250' title='bbox 1931 1652 2005 1697; x_wconf 84' lang='lat'><strong>35.</strong></span> <span class='ocrx_word' id='word_1_251' title='bbox 2049 1641 2119 1683; x_wconf 90' lang='lat' dir='ltr'>De</span> 
     </span>
     <span class='ocr_line' id='line_1_24' title="bbox 180 1701 2117 1770; baseline 0.005 -25"><span class='ocrx_word' id='word_1_252' title='bbox 180 1714 279 1746; x_wconf 84' lang='lat' dir='ltr'>arte</span> <span class='ocrx_word' id='word_1_253' title='bbox 297 1702 514 1766; x_wconf 83' lang='lat' dir='ltr'>plumaria</span> <span class='ocrx_word' id='word_1_254' title='bbox 539 1702 758 1750; x_wconf 82' lang='lat' dir='ltr'>Hebraeis</span> <span class='ocrx_word' id='word_1_255' title='bbox 789 1719 894 1750; x_wconf 83' lang='lat' dir='ltr'>nota</span> <span class='ocrx_word' id='word_1_256' title='bbox 924 1705 1028 1751; x_wconf 87' lang='lat' dir='ltr'>vide</span> <span class='ocrx_word' id='word_1_257' title='bbox 1052 1706 1262 1750; x_wconf 68' lang='lat' dir='ltr'>Funerum</span> <span class='ocrx_word' id='word_1_258' title='bbox 1288 1704 1366 1754; x_wconf 82' lang='lat' dir='ltr'>lib.</span> <span class='ocrx_word' id='word_1_259' title='bbox 1398 1722 1437 1754; x_wconf 93' lang='grc'>1.</span> <span class='ocrx_word' id='word_1_260' title='bbox 1473 1722 1565 1770; x_wconf 85' lang='lat' dir='ltr'>cap.</span> <span class='ocrx_word' id='word_1_261' title='bbox 1592 1701 1821 1756; x_wconf 79' lang='lat' dir='ltr'><strong>20..Misc·</strong></span> <span class='ocrx_word' id='word_1_262' title='bbox 1851 1720 1894 1750; x_wconf 79' lang='lat' dir='ltr'>et</span> <span class='ocrx_word' id='word_1_263' title='bbox 1917 1705 2117 1765; x_wconf 72' lang='lat' dir='ltr'>Drufittm</span> 
     </span>
     <span class='ocr_line' id='line_1_25' title="bbox 179 1765 2118 1836; baseline 0.003 -23"><span class='ocrx_word' id='word_1_264' title='bbox 179 1768 234 1813; x_wconf 86' lang='lat' dir='ltr'>ad</span> <span class='ocrx_word' id='word_1_265' title='bbox 255 1765 630 1818; x_wconf 77' lang='lat' dir='ltr'>difficilioraloca</span> <span class='ocrx_word' id='word_1_266' title='bbox 659 1772 807 1819; x_wconf 84' lang='lat' dir='ltr'>Exodi</span> <span class='ocrx_word' id='word_1_267' title='bbox 842 1789 935 1836; x_wconf 87' lang='lat' dir='ltr'>cap.</span> <span class='ocrx_word' id='word_1_268' title='bbox 961 1779 1041 1835; x_wconf 80' lang='lat'>45.</span> <span class='ocrx_word' id='word_1_269' title='bbox 1114 1774 1295 1818; x_wconf 88' lang='lat' dir='ltr'>Mentio</span> <span class='ocrx_word' id='word_1_270' title='bbox 1323 1770 1519 1819; x_wconf 85' lang='lat' dir='ltr'>eiusdem</span> <span class='ocrx_word' id='word_1_271' title='bbox 1550 1774 1654 1818; x_wconf 88' lang='lat' dir='ltr'>artis</span> <span class='ocrx_word' id='word_1_272' title='bbox 1679 1774 1811 1816; x_wconf 82' lang='lat' dir='ltr'>etiam</span> <span class='ocrx_word' id='word_1_273' title='bbox 1841 1771 1960 1834; x_wconf 89' lang='lat' dir='ltr'>apud</span> <span class='ocrx_word' id='word_1_274' title='bbox 1987 1774 2118 1818; x_wconf 86' lang='lat' dir='ltr'>Sene-</span> 
     </span>
     <span class='ocr_line' id='line_1_26' title="bbox 179 1834 2114 1906; baseline 0.004 -25"><span class='ocrx_word' id='word_1_275' title='bbox 179 1852 275 1881; x_wconf 83' lang='lat' dir='ltr'>cam</span> <span class='ocrx_word' id='word_1_276' title='bbox 307 1836 440 1900; x_wconf 74' lang='lat' dir='ltr'>Epist.</span> <span class='ocrx_word' id='word_1_277' title='bbox 471 1854 549 1897; x_wconf 89' lang='lat'>90.</span> <span class='ocrx_word' id='word_1_278' title='bbox 567 1856 647 1885; x_wconf 84' lang='lat' dir='ltr'>non</span> <span class='ocrx_word' id='word_1_279' title='bbox 666 1845 810 1886; x_wconf 81' lang='lat' dir='ltr'>auium</span> <span class='ocrx_word' id='word_1_280' title='bbox 826 1840 991 1906; x_wconf 77' lang='lat' dir='ltr'>plumae</span> <span class='ocrx_word' id='word_1_281' title='bbox 1013 1846 1058 1886; x_wconf 86' lang='lat' dir='ltr'>in</span> <span class='ocrx_word' id='word_1_282' title='bbox 1077 1838 1195 1895; x_wconf 75' lang='lat' dir='ltr'>vfitm</span> <span class='ocrx_word' id='word_1_283' title='bbox 1219 1840 1336 1901; x_wconf 76' lang='lat' dir='ltr'>vestis</span> <span class='ocrx_word' id='word_1_284' title='bbox 1367 1834 1705 1900; x_wconf 56' lang='lat' dir='ltr'>corzsbruntur&#39;s</span> <span class='ocrx_word' id='word_1_285' title='bbox 1727 1837 1857 1885; x_wconf 85' lang='lat' dir='ltr'>Adde</span> <span class='ocrx_word' id='word_1_286' title='bbox 1879 1835 2114 1888; x_wconf 83' lang='lat' dir='ltr'>Clariffim.</span> 
     </span>
     <span class='ocr_line' id='line_1_27' title="bbox 178 1905 2120 1970; baseline 0.003 -22"><span class='ocrx_word' id='word_1_287' title='bbox 178 1905 418 1950; x_wconf 81' lang='lat' dir='ltr'>Burmanni</span> <span class='ocrx_word' id='word_1_288' title='bbox 439 1907 699 1952; x_wconf 85' lang='lat' dir='ltr'>Petronium</span> <span class='ocrx_word' id='word_1_289' title='bbox 732 1924 826 1970; x_wconf 85' lang='lat' dir='ltr'><strong>pag.</strong></span> <span class='ocrx_word' id='word_1_290' title='bbox 851 1915 962 1962; x_wconf 23' lang='lat'><strong>2¹68.</strong></span> <span class='ocrx_word' id='word_1_291' title='bbox 1043 1909 1263 1952; x_wconf 77' lang='lat' dir='ltr'>Weitzium</span> <span class='ocrx_word' id='word_1_292' title='bbox 1295 1906 1349 1952; x_wconf 90' lang='lat' dir='ltr'>ad</span> <span class='ocrx_word' id='word_1_293' title='bbox 1379 1907 1673 1953; x_wconf 89' lang='lat' dir='ltr'>Prudentium</span> <span class='ocrx_word' id='word_1_294' title='bbox 1701 1922 1799 1970; x_wconf 81' lang='lat' dir='ltr'>pag.</span> <span class='ocrx_word' id='word_1_295' title='bbox 1822 1909 1933 1966; x_wconf 85' lang='lat'><strong>663.</strong></span> <span class='ocrx_word' id='word_1_296' title='bbox 2002 1909 2120 1953; x_wconf 85' lang='lat' dir='ltr'>Clau-</span> 
     </span>
     <span class='ocr_line' id='line_1_28' title="bbox 179 1969 2117 2039; baseline 0.003 -23"><span class='ocrx_word' id='word_1_297' title='bbox 179 1972 295 2016; x_wconf 78' lang='lat' dir='ltr'>dium</span> <span class='ocrx_word' id='word_1_298' title='bbox 321 1972 562 2034; x_wconf 84' lang='lat' dir='ltr'>Salmastum</span> <span class='ocrx_word' id='word_1_299' title='bbox 586 1971 631 2018; x_wconf 86' lang='lat' dir='ltr'>in</span> <span class='ocrx_word' id='word_1_300' title='bbox 661 1976 779 2018; x_wconf 88' lang='lat' dir='ltr'>notis</span> <span class='ocrx_word' id='word_1_301' title='bbox 801 1974 854 2018; x_wconf 87' lang='lat' dir='ltr'>ad</span> <span class='ocrx_word' id='word_1_302' title='bbox 876 1969 1120 2037; x_wconf 87' lang='lat' dir='ltr'>Vopiscum</span> <span class='ocrx_word' id='word_1_303' title='bbox 1153 1975 1230 2020; x_wconf 89' lang='lat' dir='ltr'>vit.</span> <span class='ocrx_word' id='word_1_304' title='bbox 1264 1974 1444 2031; x_wconf 82' lang='lat' dir='ltr'>Carini,</span> <span class='ocrx_word' id='word_1_305' title='bbox 1480 1991 1571 2038; x_wconf 89' lang='lat' dir='ltr'>cap.</span> <span class='ocrx_word' id='word_1_306' title='bbox 1594 1987 1668 2023; x_wconf 85' lang='lat'>20.</span> <span class='ocrx_word' id='word_1_307' title='bbox 1692 1989 1820 2019; x_wconf 82' lang='lat' dir='ltr'>tomo</span> <span class='ocrx_word' id='word_1_308' title='bbox 1850 1989 1886 2020; x_wconf 89' lang='lat'>1.</span> <span class='ocrx_word' id='word_1_309' title='bbox 1911 1971 2117 2039; x_wconf 86' lang='lat' dir='ltr'>scriptor.</span> 
     </span>
     <span class='ocr_line' id='line_1_29' title="bbox 179 2036 2116 2105; baseline 0.003 -21"><span class='ocrx_word' id='word_1_310' title='bbox 179 2036 333 2086; x_wconf 85' lang='lat' dir='ltr'>histor.</span> <span class='ocrx_word' id='word_1_311' title='bbox 356 2056 449 2100; x_wconf 81' lang='lat' dir='ltr'>aug.</span> <span class='ocrx_word' id='word_1_312' title='bbox 473 2056 571 2104; x_wconf 81' lang='lat' dir='ltr'>pag.</span> <span class='ocrx_word' id='word_1_313' title='bbox 603 2048 712 2095; x_wconf 79' lang='lat'><strong>850.</strong></span> <span class='ocrx_word' id='word_1_314' title='bbox 789 2042 1115 2094; x_wconf 66' lang='lat' dir='ltr'>Lndoudnton.</span> <span class='ocrx_word' id='word_1_315' title='bbox 1137 2043 1436 2087; x_wconf 81' lang='lat' dir='ltr'>Muratorium</span> <span class='ocrx_word' id='word_1_316' title='bbox 1465 2044 1600 2105; x_wconf 83' lang='lat' dir='ltr'>antiq.</span> <span class='ocrx_word' id='word_1_317' title='bbox 1631 2041 1778 2088; x_wconf 83' lang='lat' dir='ltr'>Italiae</span> <span class='ocrx_word' id='word_1_318' title='bbox 1811 2039 2014 2089; x_wconf 71' lang='lat' dir='ltr'>differt-at.</span> <span class='ocrx_word' id='word_1_319' title='bbox 2038 2057 2116 2104; x_wconf 82' lang='lat'><strong>25.</strong></span> 
     </span>
     <span class='ocr_line' id='line_1_30' title="bbox 180 2105 2112 2174; baseline 0.002 -22"><span class='ocrx_word' id='word_1_320' title='bbox 180 2120 222 2152; x_wconf 89' lang='lat' dir='ltr'>et</span> <span class='ocrx_word' id='word_1_321' title='bbox 254 2109 365 2152; x_wconf 86' lang='lat' dir='ltr'><strong>Ioan.</strong></span> <span class='ocrx_word' id='word_1_322' title='bbox 396 2109 502 2155; x_wconf 77' lang='lat' dir='ltr'>Ern.</span> <span class='ocrx_word' id='word_1_323' title='bbox 538 2110 654 2153; x_wconf 85' lang='lat' dir='ltr'><strong>Imm.</strong></span> <span class='ocrx_word' id='word_1_324' title='bbox 691 2107 912 2157; x_wconf 80' lang='lat' dir='ltr'>Walchium</span> <span class='ocrx_word' id='word_1_325' title='bbox 939 2109 1043 2157; x_wconf 88' lang='lat' dir='ltr'><strong>Vol.</strong></span> <span class='ocrx_word' id='word_1_326' title='bbox 1068 2123 1112 2164; x_wconf 88' lang='lat'>4.</span> <span class='ocrx_word' id='word_1_327' title='bbox 1147 2105 1299 2154; x_wconf 66' lang='grc' dir='ltr'>Αὲὶοτ.</span> <span class='ocrx_word' id='word_1_328' title='bbox 1331 2106 1416 2154; x_wconf 88' lang='lat' dir='ltr'>soc.</span> <span class='ocrx_word' id='word_1_329' title='bbox 1439 2108 1559 2156; x_wconf 83' lang='lat' dir='ltr'>latin.</span> <span class='ocrx_word' id='word_1_330' title='bbox 1585 2107 1777 2173; x_wconf 82' lang='lat' dir='ltr'>lenensis</span> <span class='ocrx_word' id='word_1_331' title='bbox 1798 2125 1897 2173; x_wconf 86' lang='lat' dir='ltr'>pag.</span> <span class='ocrx_word' id='word_1_332' title='bbox 1918 2114 1985 2171; x_wconf 92' lang='lat'>76</span> <span class='ocrx_word' id='word_1_333' title='bbox 2016 2108 2112 2174; x_wconf 84' lang='lat' dir='ltr'><strong>sqq.</strong></span> 
     </span>
    </p>
   </div>
   <div class='ocr_carea' id='block_1_3' title="bbox 178 2172 2263 2308">
    <p class='ocr_par' dir='ltr' id='par_1_3' title="bbox 178 2172 2263 2308">
     <span class='ocr_line' id='line_1_31' title="bbox 178 2172 2263 2238; baseline 0.002 -18"><span class='ocrx_word' id='word_1_334' title='bbox 178 2172 260 2220; x_wconf 78' lang='lat' dir='ltr'>vbi</span> <span class='ocrx_word' id='word_1_335' title='bbox 305 2174 458 2238; x_wconf 85' lang='lat' dir='ltr'>plures</span> <span class='ocrx_word' id='word_1_336' title='bbox 504 2177 694 2221; x_wconf 86' lang='lat' dir='ltr'>citantur</span> <span class='ocrx_word' id='word_1_337' title='bbox 732 2172 984 2238; x_wconf 86' lang='lat' dir='ltr'>scriptores.</span> <span class='ocrx_word' id='word_1_338' title='bbox 1085 2175 1419 2222; x_wconf 85' lang='lat' dir='ltr'>Plumariorum</span> <span class='ocrx_word' id='word_1_339' title='bbox 1457 2178 1670 2223; x_wconf 81' lang='lat' dir='ltr'>textrinas</span> <span class='ocrx_word' id='word_1_340' title='bbox 1703 2193 1926 2224; x_wconf 85' lang='lat' dir='ltr'>memorat</span> <span class='ocrx_word' id='word_1_341' title='bbox 1966 2181 2119 2225; x_wconf 64' lang='lat' dir='ltr'>Vitru-&#39;</span> <span class='ocrx_word' id='word_1_342' title='bbox 2169 2224 2180 2234; x_wconf 64' lang='lat'><strong>.</strong></span> <span class='ocrx_word' id='word_1_343' title='bbox 2262 2198 2263 2208; x_wconf 57' lang='lat'>¹</span> 
     </span>
     <span class='ocr_line' id='line_1_32' title="bbox 179 2241 2263 2308; baseline 0.001 -21"><span class='ocrx_word' id='word_1_344' title='bbox 179 2243 278 2288; x_wconf 85' lang='lat' dir='ltr'>uius</span> <span class='ocrx_word' id='word_1_345' title='bbox 301 2245 379 2288; x_wconf 89' lang='lat' dir='ltr'>VI.</span> <span class='ocrx_word' id='word_1_346' title='bbox 403 2258 447 2300; x_wconf 92' lang='lat'><strong>7.</strong></span> <span class='ocrx_word' id='word_1_347' title='bbox 517 2245 586 2289; x_wconf 90' lang='lat' dir='ltr'>De</span> <span class='ocrx_word' id='word_1_348' title='bbox 609 2243 924 2304; x_wconf 85' lang='lat' dir='ltr'>duodeuiginti</span> <span class='ocrx_word' id='word_1_349' title='bbox 946 2241 1134 2289; x_wconf 87' lang='lat' dir='ltr'>vestium</span> <span class='ocrx_word' id='word_1_350' title='bbox 1164 2243 1405 2305; x_wconf 84' lang='lat' dir='ltr'>generibus</span> <span class='ocrx_word' id='word_1_351' title='bbox 1430 2261 1535 2308; x_wconf 73' lang='lat' dir='ltr'>quas</span> <span class='ocrx_word' id='word_1_352' title='bbox 1566 2243 1755 2292; x_wconf 80' lang='lat' dir='ltr'>sabbato</span> <span class='ocrx_word' id='word_1_353' title='bbox 1787 2262 1949 2292; x_wconf 87' lang='lat' dir='ltr'>exuere</span> <span class='ocrx_word' id='word_1_354' title='bbox 1980 2261 2021 2292; x_wconf 91' lang='lat' dir='ltr'>et</span> <span class='ocrx_word' id='word_1_355' title='bbox 2051 2249 2115 2293; x_wconf 85' lang='lat' dir='ltr'>in-</span> <span class='ocrx_word' id='word_1_356' title='bbox 2179 2283 2189 2295; x_wconf 56' lang='lat'><strong>„</strong></span> <span class='ocrx_word' id='word_1_357' title='bbox 2262 2278 2263 2304; x_wconf 55' lang='lat'>³</span> 
     </span>
    </p>
   </div>
   <div class='ocr_carea' id='block_1_4' title="bbox 181 2309 2115 2448">
    <p class='ocr_par' dir='ltr' id='par_1_4' title="bbox 181 2309 2115 2448">
     <span class='ocr_line' id='line_1_33' title="bbox 181 2309 2114 2373; baseline 0.003 -18"><span class='ocrx_word' id='word_1_358' title='bbox 181 2310 343 2356; x_wconf 86' lang='lat' dir='ltr'>ducere</span> <span class='ocrx_word' id='word_1_359' title='bbox 378 2309 504 2363; x_wconf 82' lang='lat' dir='ltr'>licet,</span> <span class='ocrx_word' id='word_1_360' title='bbox 541 2309 796 2371; x_wconf 77' lang='lat' dir='ltr'>Buxtorfius</span> <span class='ocrx_word' id='word_1_361' title='bbox 835 2327 934 2373; x_wconf 85' lang='lat' dir='ltr'>pag.</span> <span class='ocrx_word' id='word_1_362' title='bbox 963 2325 1107 2371; x_wconf 86' lang='lat'><strong>2033.</strong></span> <span class='ocrx_word' id='word_1_363' title='bbox 1137 2313 1294 2358; x_wconf 82' lang='lat' dir='ltr'>Lexici</span> <span class='ocrx_word' id='word_1_364' title='bbox 1316 2313 1584 2360; x_wconf 80' lang='lat' dir='ltr'>Talmudici.</span> <span class='ocrx_word' id='word_1_365' title='bbox 1651 2316 1721 2359; x_wconf 87' lang='lat' dir='ltr'>De</span> <span class='ocrx_word' id='word_1_366' title='bbox 1742 2310 1863 2359; x_wconf 85' lang='lat' dir='ltr'>sacco</span> <span class='ocrx_word' id='word_1_367' title='bbox 1887 2328 1930 2359; x_wconf 88' lang='lat' dir='ltr'>et</span> <span class='ocrx_word' id='word_1_368' title='bbox 1951 2315 2114 2369; x_wconf 79' lang='lat' dir='ltr'>cilicio,</span> 
     </span>
     <span class='ocr_line' id='line_1_34' title="bbox 181 2375 2115 2448; baseline 0.004 -25"><span class='ocrx_word' id='word_1_369' title='bbox 181 2375 400 2430; x_wconf 64' lang='lat' dir='ltr'>cinffiira,</span> <span class='ocrx_word' id='word_1_370' title='bbox 435 2378 590 2425; x_wconf 80' lang='lat' dir='ltr'>calceis</span> <span class='ocrx_word' id='word_1_371' title='bbox 612 2379 730 2442; x_wconf 87' lang='lat' dir='ltr'>apud</span> <span class='ocrx_word' id='word_1_372' title='bbox 753 2377 1009 2431; x_wconf 76' lang='lat' dir='ltr'>Hebrae08‚</span> <span class='ocrx_word' id='word_1_373' title='bbox 1046 2381 1162 2427; x_wconf 85' lang='lat' dir='ltr'>Frid.</span> <span class='ocrx_word' id='word_1_374' title='bbox 1181 2380 1383 2445; x_wconf 82' lang='lat' dir='ltr'>Adolphns</span> <span class='ocrx_word' id='word_1_375' title='bbox 1404 2383 1577 2448; x_wconf 81' lang='lat' dir='ltr'>Lampe,</span> <span class='ocrx_word' id='word_1_376' title='bbox 1612 2381 1840 2442; x_wconf 80' lang='lat' dir='ltr'>Dithmala</span> <span class='ocrx_word' id='word_1_377' title='bbox 1858 2383 2115 2444; x_wconf 75' lang='lat' dir='ltr'>Lippi-acus,</span> 
     </span>
    </p>
   </div>
   <div class='ocr_carea' id='block_1_5' title="bbox 181 2415 2261 2514">
    <p class='ocr_par' dir='ltr' id='par_1_5' title="bbox 181 2415 2261 2514">
     <span class='ocr_line' id='line_1_35' title="bbox 181 2415 2261 2514; baseline 0.004 -25"><span class='ocrx_word' id='word_1_378' title='bbox 181 2445 227 2490; x_wconf 88' lang='lat' dir='ltr'>in</span> <span class='ocrx_word' id='word_1_379' title='bbox 251 2443 340 2490; x_wconf 44' lang='lat' dir='ltr'>dits.</span> <span class='ocrx_word' id='word_1_380' title='bbox 365 2446 419 2491; x_wconf 86' lang='lat' dir='ltr'>de</span> <span class='ocrx_word' id='word_1_381' title='bbox 443 2444 572 2492; x_wconf 80' lang='lat' dir='ltr'>Iesaia</span> <span class='ocrx_word' id='word_1_382' title='bbox 594 2446 716 2492; x_wconf 86' lang='lat' dir='ltr'>nudo</span> <span class='ocrx_word' id='word_1_383' title='bbox 737 2462 779 2492; x_wconf 88' lang='lat' dir='ltr'>et</span> <span class='ocrx_word' id='word_1_384' title='bbox 802 2442 1058 2492; x_wconf 82' lang='lat' dir='ltr'>discalceato</span> <span class='ocrx_word' id='word_1_385' title='bbox 1081 2446 1134 2492; x_wconf 85' lang='lat' dir='ltr'>ad</span> <span class='ocrx_word' id='word_1_386' title='bbox 1156 2445 1232 2496; x_wconf 87' lang='lat' dir='ltr'>Ies.</span> <span class='ocrx_word' id='word_1_387' title='bbox 1257 2451 1345 2494; x_wconf 91' lang='lat' dir='ltr'><strong>XX.</strong></span> <span class='ocrx_word' id='word_1_388' title='bbox 1371 2463 1412 2496; x_wconf 87' lang='lat'>2.</span> <span class='ocrx_word' id='word_1_389' title='bbox 1447 2447 1644 2514; x_wconf 84' lang='lat' dir='ltr'>praefide</span> <span class='ocrx_word' id='word_1_390' title='bbox 1673 2450 1918 2513; x_wconf 85' lang='lat' dir='ltr'>Campegio</span> <span class='ocrx_word' id='word_1_391' title='bbox 1950 2450 2116 2496; x_wconf 84' lang='lat' dir='ltr'>Vitrin-</span> <span class='ocrx_word' id='word_1_392' title='bbox 2166 2486 2171 2491; x_wconf 90' lang='lat'><strong>.</strong></span> <span class='ocrx_word' id='word_1_393' title='bbox 2258 2415 2261 2455; x_wconf 33' lang='grc' dir='ltr'>’ζ</span> 
     </span>
    </p>
   </div>
   <div class='ocr_carea' id='block_1_6' title="bbox 182 2511 2113 2849">
    <p class='ocr_par' dir='ltr' id='par_1_6' title="bbox 182 2511 2113 2766">
     <span class='ocr_line' id='line_1_36' title="bbox 184 2511 2110 2573; baseline 0.004 -17"><span class='ocrx_word' id='word_1_394' title='bbox 184 2529 260 2572; x_wconf 76' lang='lat' dir='ltr'>ga,</span> <span class='ocrx_word' id='word_1_395' title='bbox 301 2514 471 2560; x_wconf 78' lang='lat' dir='ltr'>Franek</span> <span class='ocrx_word' id='word_1_396' title='bbox 501 2529 640 2569; x_wconf 75' lang='lat'>170³·</span> <span class='ocrx_word' id='word_1_397' title='bbox 712 2517 779 2560; x_wconf 92' lang='lat' dir='ltr'>De</span> <span class='ocrx_word' id='word_1_398' title='bbox 801 2530 894 2560; x_wconf 92' lang='lat' dir='ltr'>non</span> <span class='ocrx_word' id='word_1_399' title='bbox 916 2511 1226 2562; x_wconf 82' lang='lat' dir='ltr'>deficientibus</span> <span class='ocrx_word' id='word_1_400' title='bbox 1240 2514 1532 2563; x_wconf 84' lang='lat' dir='ltr'>Israelitarum</span> <span class='ocrx_word' id='word_1_401' title='bbox 1552 2519 1600 2571; x_wconf 85' lang='lat' dir='ltr'>in</span> <span class='ocrx_word' id='word_1_402' title='bbox 1624 2514 1797 2564; x_wconf 83' lang='lat' dir='ltr'>deserto</span> <span class='ocrx_word' id='word_1_403' title='bbox 1821 2515 2110 2573; x_wconf 85' lang='lat' dir='ltr'>vestimentis,</span> 
     </span>
     <span class='ocr_line' id='line_1_37' title="bbox 182 2579 2110 2651; baseline 0.005 -29"><span class='ocrx_word' id='word_1_404' title='bbox 182 2579 446 2641; x_wconf 84' lang='lat' dir='ltr'>interpretes</span> <span class='ocrx_word' id='word_1_405' title='bbox 476 2582 528 2627; x_wconf 85' lang='lat' dir='ltr'>ad</span> <span class='ocrx_word' id='word_1_406' title='bbox 558 2585 741 2628; x_wconf 80' lang='lat' dir='ltr'>Denter.</span> <span class='ocrx_word' id='word_1_407' title='bbox 773 2585 896 2628; x_wconf 84' lang='lat' dir='ltr'><strong>VIII.</strong></span> <span class='ocrx_word' id='word_1_408' title='bbox 926 2599 974 2645; x_wconf 91' lang='lat'><strong>4.</strong></span> <span class='ocrx_word' id='word_1_409' title='bbox 1020 2584 1175 2629; x_wconf 89' lang='lat' dir='ltr'><strong>XXIX.</strong></span> <span class='ocrx_word' id='word_1_410' title='bbox 1205 2603 1244 2638; x_wconf 73' lang='grc' dir='ltr'>ς.</span> <span class='ocrx_word' id='word_1_411' title='bbox 1313 2584 1474 2645; x_wconf 74' lang='lat' dir='ltr'>Cosinas</span> <span class='ocrx_word' id='word_1_412' title='bbox 1505 2584 1766 2651; x_wconf 84' lang='lat' dir='ltr'>Indopleustes</span> <span class='ocrx_word' id='word_1_413' title='bbox 1795 2587 1848 2630; x_wconf 91' lang='lat' dir='ltr'><strong>V.</strong></span> <span class='ocrx_word' id='word_1_414' title='bbox 1879 2602 1976 2648; x_wconf 80' lang='lat' dir='ltr'>pag·</span> <span class='ocrx_word' id='word_1_415' title='bbox 2001 2600 2110 2647; x_wconf 80' lang='lat'><strong>205.</strong></span> 
     </span>
     <span class='ocr_line' id='line_1_38' title="bbox 182 2647 2109 2716; baseline 0.004 -24"><span class='ocrx_word' id='word_1_416' title='bbox 182 2647 404 2693; x_wconf 77' lang='lat' dir='ltr'>Marckius</span> <span class='ocrx_word' id='word_1_417' title='bbox 424 2650 580 2695; x_wconf 84' lang='lat' dir='ltr'>Exere.</span> <span class='ocrx_word' id='word_1_418' title='bbox 605 2649 715 2695; x_wconf 84' lang='lat' dir='ltr'>Bibl.</span> <span class='ocrx_word' id='word_1_419' title='bbox 743 2664 815 2711; x_wconf 87' lang='lat'>¹4·</span> <span class='ocrx_word' id='word_1_420' title='bbox 885 2650 1096 2715; x_wconf 80' lang='lat' dir='ltr'>Deylingii</span> <span class='ocrx_word' id='word_1_421' title='bbox 1113 2648 1287 2701; x_wconf 87' lang='lat' dir='ltr'>observ.</span> <span class='ocrx_word' id='word_1_422' title='bbox 1310 2655 1350 2702; x_wconf 90' lang='lat' dir='ltr'>S.</span> <span class='ocrx_word' id='word_1_423' title='bbox 1370 2655 1428 2701; x_wconf 90' lang='lat'><strong>11.</strong></span> <span class='ocrx_word' id='word_1_424' title='bbox 1455 2668 1528 2716; x_wconf 87' lang='lat'><strong>17.</strong></span> <span class='ocrx_word' id='word_1_425' title='bbox 1558 2668 1600 2701; x_wconf 88' lang='lat' dir='ltr'>et</span> <span class='ocrx_word' id='word_1_426' title='bbox 1632 2651 1924 2714; x_wconf 75' lang='lat' dir='ltr'>singularibus</span> <span class='ocrx_word' id='word_1_427' title='bbox 1956 2650 2109 2699; x_wconf 83' lang='lat' dir='ltr'>differ-</span> 
     </span>
     <span class='ocr_line' id='line_1_39' title="bbox 1703 2736 2113 2766; baseline 0.005 -5"><span class='ocrx_word' id='word_1_428' title='bbox 1703 2758 1706 2761; x_wconf 91' lang='lat'><strong>.</strong></span> <span class='ocrx_word' id='word_1_429' title='bbox 1992 2736 2009 2766; x_wconf 85' lang='lat' dir='ltr'>t</span> <span class='ocrx_word' id='word_1_430' title='bbox 2099 2750 2113 2755; x_wconf 91' lang='lat'>--</span> 
     </span>
    </p>

    <p class='ocr_par' dir='ltr' id='par_1_7' title="bbox 251 2735 2102 2849">
     <span class='ocr_line' id='line_1_40' title="bbox 251 2735 2102 2849; baseline 0.01 -22"><span class='ocrx_word' id='word_1_431' title='bbox 251 2792 270 2813; x_wconf 78' lang='lat'><em>²</em></span> <span class='ocrx_word' id='word_1_432' title='bbox 297 2765 445 2843; x_wconf 74' lang='lat' dir='ltr'>Ioseph.</span> <span class='ocrx_word' id='word_1_433' title='bbox 466 2791 608 2833; x_wconf 82' lang='lat' dir='ltr'><strong>XVIII.</strong></span> <span class='ocrx_word' id='word_1_434' title='bbox 631 2806 668 2847; x_wconf 84' lang='lat'>3,</span> <span class='ocrx_word' id='word_1_435' title='bbox 689 2806 726 2848; x_wconf 85' lang='lat'>4.</span> <span class='ocrx_word' id='word_1_436' title='bbox 754 2808 841 2849; x_wconf 79' lang='lat' dir='ltr'>pag.</span> <span class='ocrx_word' id='word_1_437' title='bbox 864 2799 953 2846; x_wconf 79' lang='lat'><strong>880.</strong></span> <span class='ocrx_word' id='word_1_438' title='bbox 973 2796 1065 2840; x_wconf 80' lang='lat' dir='ltr'>edit.</span> <span class='ocrx_word' id='word_1_439' title='bbox 1085 2796 1304 2839; x_wconf 85' lang='lat' dir='ltr'>Amstelod.</span> <span class='ocrx_word' id='word_1_440' title='bbox 2012 2735 2102 2768; x_wconf 63' lang='lat' dir='ltr'>ano</span> 
     </span>
    </p>
   </div>
  </div>
 </body>
</html>
