2263 3027
195 104 298 153 πο
793 86 947 142 cAP.
983 85 1119 142 xvi.
1183 85 1561 142 PRIMITIAE.
1611 62 1615 65 ’

325 217 397 262 De
427 214 639 281 primitiis
675 209 888 277 frugum,
924 210 1247 281 fruRuumque
1277 230 1321 264 et
1359 214 1683 282 primogenitis
1720 214 1841 280 apud
1872 213 2058 265 Iudaeos
2088 217 2137 272 in

192 282 395 348 Templo
409 279 778 346 offerendis,quas
791 281 1214 349 πρωτογεννήμοιτοι
1227 300 1359 332 vocat
1369 285 1499 331 Philo
1516 286 1571 331 de
1582 280 1804 330 sacrificiis
1817 300 1860 348 p.
1872 302 1889 330 1
1900 286 2137 345 72.Vol.1.

192 351 299 399 edit.
311 352 616 413 Mangeianae.
636 349 878 419 οἱποιρχοὶς
895 354 982 403 ’τῶν
1001 351 1443 419 ’πρωτογεννημοὶτων
1467 367 1624 417 Ρ-Ι77·
1637 367 1680 398 et
1691 349 2046 420 πρωτὲτοκωΡᾸ
2061 362 2138 410 80-

192 418 315 464 idem
330 419 458 466 Philo
471 418 526 466 de
536 421 762 484 praemiis,
778 420 927 470 Vol-2·
941 437 985 486 p.
1000 434 1056 482 23
1069 437 1092 484 3
1106 418 1166 487 sq.
1181 422 1400 469 Varenius
1412 422 1460 478 in
1472 417 1647 467 trifolio
1658 417 1794 474 sacre,
1807 418 1926 467 Rost.
1941 437 1953 464 1
1967 430 2076 477 646.
2090 437 2140 485 4.

190 484 450 534 Buxtorfius
490 488 660 534 Lexico
699 487 950 536 Rabbinico
1002 506 1103 554 pag.
1153 499 1284 550 2650
1320 486 1382 552 sq.
1448 490 1698 554 Scriptores
1737 489 1975 535 memorati
2008 485 2140 554 supra

187 569 291 619 pag.
313 570 426 618 434.
450 555 531 601 vbi
553 555 608 602 de
629 553 740 603 festo
767 553 936 604 meffis:
970 557 1231 604 Talmudici
1251 559 1296 604 in
1321 553 1574 604 tractatibus
1595 565 1852 610 :2³5an
1876 570 1919 603 et
1941 564 2140 610 mum:

186 635 301 668 tom.
320 638 356 670 1.
383 623 485 669 edit.
507 621 745 671 Surenhus.
770 641 868 690 pag.
887 637 993 686 320.
1015 640 1058 673 et
1076 641 1204 672 tomo
1233 641 1270 684 ς.
1293 642 1389 690 pag.
1427 640 1443 673 1
1458 639 1531 685 ςς.
1553 641 1578 672 e
1597 624 1758 688 quibus
1776 626 1978 688 priorem
2002 626 2139 672 etiam

189 705 296 736 cum
321 689 525 738 versione
545 693 686 754 magis
705 691 938 758 perspicua
964 709 1007 741 et
1036 695 1155 740 notis
1183 691 1270 740 suis
1301 692 1441 741 edidit
1461 695 1545 739 Vir
1564 691 1730 752 Clariis.
1753 690 2029 739 Christianus
2050 695 2140 738 Lu-

189 757 344 804 douici
376 762 502 815 1696
532 774 576 806 et
598 758 718 825 Lips.
747 775 886 820 1712.
909 776 954 818 4.
1024 761 1330 818 Maitnonides
1354 763 1402 807 in
1432 758 1618 808 trastatu
1638 762 1693 807 de
1725 760 1964 826 primitiis,
2000 775 2139 823 quem

186 839 244 872 ex
275 841 400 890 parte
429 825 651 874 Gustauus
674 830 956 892 PeringeruS.
979 827 1123 895 Vpsal.
1157 836 1292 893 1694.
1325 831 1552 891 integrum
1583 831 1721 874 vertit
1757 827 1974 875 eredidit
2016 832 2138 877 Ioan.

187 894 423 958 Rudolph.
445 897 693 944 Cramerus.
715 897 859 959 Lugd.
887 901 1034 944 Batav.
1068 910 1203 956 1702.
1223 913 1270 960 4.
1341 895 1594 944 Abarbanel
1623 898 1765 961 capite
1793 898 1926 943 tertio
1947 895 2139 942 Exordii

186 960 238 1006 in
263 963 544 1016 Leuiticum,
583 966 703 1009 Ioan.
729 961 1023 1026 Lightfootus
1052 965 1230 1011 Decade
1251 965 1463 1026 chorogr.
1484 969 1642 1011 Marco
1663 962 1895 1029 praemissa
1921 980 1955 1009 c.
1982 979 2024 1020 4.
2046 966 2080 1022 §.
2093 964 2137 1010 6.

187 1030 382 1075 Ioannes
402 1030 672 1095 Rudolphus
695 1034 930 1079 Grunerus
959 1034 1006 1078 in
1038 1030 1227 1078 diatribe
1245 1032 1300 1078 de
1323 1033 1630 1097 primitiarum
1657 1031 1885 1079 oblatione
1910 1048 1957 1078 ac
1989 1027 2140 1078 conse·

185 1097 402 1143 eratione.
424 1099 568 1160 Lugd.
600 1103 746 1145 Batav.
778 1114 919 1160 1739.
944 1107 986 1155 8.
1055 1100 1216 1155 Bernh.
1244 1097 1519 1146 Sebastianus
1549 1102 1787 1146 Cremcrus
1815 1104 1950 1161 antiq.
1978 1095 2139 1148 Mosai-

184 1165 387 1229 cotypic.
444 1180 556 1214 tom.
604 1182 643 1213 2.
695 1182 795 1231 pag.
846 1169 955 1225 165.
993 1166 996 1168 ’
1061 1166 1237 1214 Paullus
1286 1170 1322 1213 F
1325 1168 1447 1228 agius
1489 1168 1539 1213 in
1588 1165 1804 1214 Onkelosi
1850 1164 2139 1230 Paraphrasin

184 1231 236 1277 in
266 1234 401 1278 Devt.
431 1235 593 1288 XXVI,
625 1250 668 1282 2.
749 1237 1035 1281 Outmannus
1071 1235 1118 1281 in
1149 1234 1352 1282 codicem
1392 1234 1575 1281 Iadaiim
1606 1250 1707 1299 pag.
1734 1248 1789 1294 53
1833 1248 1876 1281 et
1921 1242 2011 1289 184
2041 1230 2137 1298 sqq.

182 1299 222 1344 J.
245 1302 302 1346 G.
325 1302 604 1365 Carpzouius
621 1300 673 1348 ad
695 1303 1012 1351 Goodwinum
1034 1319 1079 1368 p.
1096 1310 1151 1352 61
1170 1320 1183 1351 1
1205 1299 1299 1366 sqq.
1376 1305 1652 1367 Interpretes
1671 1302 1725 1348 acl
1738 1301 2053 1348 Exod.XXIII.
2070 1314 2138 1356 19.

184 1366 391 1414 XXXIV.
424 1385 493 1429 19.
518 1378 596 1419 26.
652 1371 797 1417 Leuit.
828 1372 943 1416 XIX.
979 1387 1054 1429 23.
1113 1373 1275 1417 XXIII.
1307 1385 1380 1419 10.
1437 1373 1579 1418 Num.
1611 1372 1710 1416 XV.
1741 1383 1818 1419 20.
1878 1367 1999 1415 Tob.
2029 1372 2060 1414 I.
2091 1375 2138 1416 6.

182 1448 231 1483 et
259 1431 583 1484 dissertationes
615 1439 815 1485 Danielis
839 1436 1103 1503 Lipstorpii.
1126 1442 1310 1485 Bremae
1336 1442 1477 1499 1693.
1554 1436 1756 1484 Danielis
1785 1436 1969 1484 Lundii.
1989 1432 2137 1500 Vpsal.

179 1517 333 1563 31703.
404 1507 468 1553 Io.
494 1509 640 1552 Henr.
663 1508 932 1568 Hottingeri
955 1508 1195 1570 Marpurgi
1227 1522 1309 1566 171
1330 1521 1366 1554 1.
1400 1521 1443 1552 et
1464 1506 1661 1552 Danielis
1682 1502 1897 1555 Gerdesii.
1920 1504 2140 1550 Duisbur-

185 1572 236 1631 gi
267 1585 406 1632 1730.
480 1575 550 1619 De
572 1574 788 1638 primitiis
811 1575 934 1621 lanae
960 1571 1167 1620 detonsae
1190 1571 1417 1638 speciatim
1449 1574 1554 1620 vide
1585 1571 1825 1638 scriptores
1862 1572 1980 1637 apud
2016 1576 2139 1619 Lun-

184 1638 312 1685 dium
333 1655 432 1704 pag.
456 1648 566 1696 881.
605 1644 732 1701 §.21.
799 1644 868 1689 Sic
892 1643 1113 1707 primitias
1135 1642 1266 1688 etiam
1288 1643 1335 1687 in
1357 1640 1547 1689 Ecclesia
1567 1640 1816 1689 Christiana
1837 1641 1981 1687 veteri
2001 1637 2137 1686 offer·

185 1706 318 1752 rendi
345 1723 522 1754 morem
549 1706 789 1757 obtinuisse
819 1708 1042 1756 affirmant
1065 1712 1333 1772 Beueregius
1360 1710 1414 1756 ad
1453 1713 1558 1757 Can.
1586 1713 1662 1755 IV.
1686 1707 1998 1772 Apostolicum
2022 1721 2064 1753 et
2084 1707 2134 1753 in

185 1773 345 1819 codice
374 1792 597 1824 canonum
629 1779 858 1827 vindicato
878 1795 979 1843 pag.
1010 1793 1094 1837 ¹9¹
1124 1775 1185 1841 sq.
1257 1780 1435 1824 Goarus
1457 1775 1511 1823 ad
1530 1776 1863 1836 Euchologium
1901 1790 1998 1837 pag.
2021 1779 2134 1829 656.

185 1839 452 1888 Nouarinus
474 1844 520 1889 in
543 1841 932 1892 schediasmatibus
969 1843 1090 1891 sacro
1117 1842 1324 1910 profanis
1366 1842 1441 1890 lib.
1470 1859 1510 1905 5.
1545 1860 1579 1890 c.
1610 1857 1682 1903 13.
1759 1845 1914 1888 Petrus
1937 1839 2133 1889 Canisius

185 1907 244 1953 de
276 1907 484 1965 decimis,
520 1912 757 1973 primitiis,
794 1911 1120 1965 oblationibus,
1163 1909 1399 1972 Ingolstad.
1439 1913 1578 1966 1609.
1614 1917 1656 1965 8.
1727 1909 1812 1957 Sed
1844 1923 1975 1969 negat
2008 1908 2131 1957 Cele-

183 1973 411 2023 berrimus
445 1979 507 2027 Io,
530 1980 698 2039 Georg.
720 1979 949 2025 Walchius
973 1976 1145 2026 Histor.
1172 1978 1288 2024 Eccl.
1309 1980 1371 2022 N.
1392 1981 1451 2030 T,
1479 1994 1579 2042 pag.
1608 1985 1721 2038 782.
1744 1974 2001 2030 ostendens,
2037 1977 2131 2041 pri-

184 2041 416 2089 mitiarum
437 2045 625 2091 nomine
652 2044 705 2091 ab
728 2048 925 2099 Irenan,
945 2046 999 2092 ad
1020 2061 1153 2108 quem
1176 2046 1222 2090 in
1244 2046 1405 2121 primis
1427 2058 1679 2108 prouocant
1704 2045 1863 2091 aientis
1887 2041 2130 2093 sententiae

181 2112 388 2174 patroni,
425 2126 520 2157 11011
544 2110 622 2158 nifi
642 2129 804 2176 panem
830 2128 873 2159 et
893 2114 1053 2159 vinum
1081 2111 1420 2159 eucharisticum
1443 2111 1527 2158 effe
1548 2109 1855 2174 significatum.
1924 2111 2128 2165 Similem

184 2179 552 2241 Acgyptiorum,
593 2182 896 2232 Graecorum,
932 2183 1245 2226 Romanorum
1277 2180 1555 2244 aliarumque
1586 2182 1791 2241 gentium
1821 2176 1948 2227 Vsum
1981 2176 2126 2226 obser-

187 2261 352 2291 uarunt
377 2248 564 2294 GrOtius
585 2247 638 2292 ad
669 2248 812 2294 Exod.
836 2250 997 2294 XXIII.
1028 2261 1100 2303 19.
1164 2250 1412 2312 Spencerus
1436 2251 1515 2294 III.
1542 2264 1586 2305 9.
1616 2247 1671 2294 dc
1692 2246 1866 2310 legibus
1894 2245 2128 2294 Hebraeo·
2224 2276 2226 2278 -

182 2328 286 2358 rum
308 2346 318 2366 ,
357 2313 725 2376 Lindenbrogius
748 2315 802 2362 ad
824 2311 1122 2361 Censorinum
1145 2331 1245 2379 pag.
1271 2325 1299 2365 6
1320 2313 1380 2378 sq.
1447 2313 1669 2362 Meursius
1694 2318 1741 2362 in
1763 2317 1948 2362 Graecia
1971 2312 2127 2363 feriata

182 2396 284 2443 pag.
312 2397 328 2427 1
351 2397 419 2439 ¹7·
441 2381 521 2427 vbi
544 2382 598 2428 de
620 2384 836 2446 primitiis
865 2380 1022 2430 Vestae
1044 2382 1225 2436 oblatis,
1261 2399 1304 2429 et
1321 2384 1445 2430 Tho.
1470 2385 1658 2430 Crenius
1679 2385 1724 2429 in
1749 2380 1906 2429 Museo
1928 2382 2125 2447 philolo-

186 2449 286 2506 gico
309 2447 525 2495 historico
562 2466 660 2513 pag.
687 2460 709 2500 8
736 2447 797 2514 sq.
865 2450 1056 2499 Praedae
1077 2467 1258 2514 quoque
1280 2451 1500 2515 primitias
1524 2451 1609 2497 diis
1631 2448 1715 2497 esse
1745 2450 1909 2501 oblatas
1933 2447 2143 2511 ostendit,

186 2513 441 2562 Eustathius
462 2517 514 2562 ad
537 2514 777 2580 Odysseam
799 2534 841 2583 p.
870 2525 965 2576 692
988 2519 1092 2566 edit.
1114 2518 1236 2567 Basil.
1270 2526 1411 2577 1560.
1433 2534 1477 2567 et
1498 2518 1651 2566 Suidas
1674 2520 1723 2568 in
1748 2517 1991 2584 οἱκξοθίνιω,
2030 2519 2125 2582 qui·
2202 2570 2206 2581 Ι

184 2577 270 2627 bus
291 2583 425 2642 iunge
445 2581 677 2631 Elsnerum
699 2585 752 2631 ad
775 2584 916 2634 Hebr.
938 2589 1038 2633 VII.
1067 2603 1112 2642 4.

323 2651 392 2692 De
414 2647 639 2699 beneficiis
661 2668 702 2699 et
723 2652 940 2702 reditibus
951 2651 1254 2700 Ecclefiasticis
1273 2650 1512 2717 scriptores
1532 2653 1806 2712 laudaui'mus
1822 2647 1950 2714 supra
1961 2658 2119 2715 p.679.

187 2729 283 2779 cap.
310 2729 384 2776 13·
406 2718 441 2775 ᾗ.
465 2729 540 2778 23.
562 2718 723 2782 quibus
743 2721 945 2770 addenda
970 2736 1082 2786 quac
1101 2718 1405 2786 supplementi
1422 2721 1525 2770 loco
1547 2721 1602 2769 ad
1620 2719 1787 2768 librum
1810 2719 1866 2770 de
1885 2719 1973 2767 hoc
1994 2736 2121 2780 argu·
2143 2768 2159 2769 1

1962 2801 2120 2836 mento
