2263 3027
590 98 1092 157 GEOGRAPHI
1157 96 1480 152 GRAECI.
1908 114 1997 163 ³91

77 231 366 300 μκγοιθύμων
401 227 528 284 ἔθνος
547 226 715 294 Ῑβήςων
734 243 829 274 non
852 223 936 273 efl'e
962 223 1214 273 desumtum
1235 240 1291 272 ex
1311 220 1520 287 Dionysii
1540 221 1774 288 periegefi‚
1794 221 1855 271 est
1876 224 2001 272 enim

76 305 232 365 vtique
252 297 404 347 versus
427 306 537 354 282.
573 311 623 342 vt
641 298 729 342 iam
751 308 955 342 notatum
982 298 1038 343 V.
1060 297 1108 342 C.
1141 291 1304 341 Iacobo
1323 292 1562 341 Perizonio
1592 293 1640 339 in
1658 289 2002 355 inuestigatione

75 371 319 431 Originum
341 364 675 429 Aegyptiarum.
698 379 797 428 pag.
810 375 875 421 47
889 379 900 409 ι
913 397 923 408 .

158 488 163 492 ,
187 478 189 480 .
212 451 253 497 3.
289 435 481 482 Claudius
508 431 766 477 Ptolemaeus
783 427 861 475 sub
881 444 1076 493 vtroque
1097 429 1330 476 Antonino
1350 429 1600 493 imperante
1622 426 1783 480 clarus,
1805 427 1929 475 cuius
1948 427 2000 473 li-

74 501 144 548 bri
166 500 268 548 oss’to
291 495 606 562 Geographiae
628 496 727 562 post
748 497 995 544 editionem
1017 499 1448 550 Graeco-Latinam,
1479 494 1722 543 Amstelod.
1752 502 1887 551 1618.
1917 491 1999 542 fol.

73 586 160 615 vna
182 586 283 614 cum
303 562 461 613 tabulis
472 566 799 629 Geographicis
811 565 1182 629 Agathodaemonis
1201 563 1453 625 vulg-arama
1467 567 1630 609 aPetro
1650 564 1813 615 Bertio,
1826 563 1998 609 maiore

73 638 204 683 etiam
225 634 365 681 studio
384 632 437 679 ad
460 632 634 679 codices
654 636 778 679 MSS.
801 630 1020 679 recenseri
1039 630 1304 684 desiderant,
1343 645 1393 676 et.
1407 648 1429 676 a
1450 628 1583 677 doeio
1605 630 1753 693 aliquo
1775 630 1876 676 viro
1899 628 1999 675 illu-

71 702 209 750 strari.
278 699 465 748 Arabiae
485 697 834 763 descriptionem
864 717 887 745 a
917 703 1086 746 Ioanne
1106 700 1278 745 Grauio
1313 715 1367 744 ex
1399 701 1494 746 MS.
1525 694 1824 761 antiquissimo
1845 712 1997 744 emen.

71 770 214 816 datam
236 766 489 831 castigatius.
507 768 710 830 vulgauit
739 771 794 814 V.
818 770 865 814 C.
905 770 1028 815 Ioan.
1053 764 1301 814 Hudsonus
1331 769 1486 813 Tomo
1515 767 1649 813 tertio
1679 764 1998 830 Geographor.

69 837 234 885 minor.

202 920 246 965 4.
281 900 511 968 Stephanus
529 903 802 966 Byzantinus
823 901 1154 948 Grammaticus
1182 898 1283 966 p'ost
1303 900 1484 948 Arcadii
1507 915 1547 947 et
1567 902 1768 948 Honorii
1789 914 1999 965 tempor-a

67 968 235 1034 scripsit
254 969 426 1020 Εθνικαὶ
445 968 532 1016 fiue
555 973 755 1017 Lexicon
778 971 1161 1033 Geographicum‚
1198 970 1244 1015 in
1267 984 1356 1031 quo
1377 970 1563 1015 nomina
1582 971 1897 1033 patronymica
1916 982 1998 1031 po-

67 1036 276 1084 tiffimum
307 1035 514 1101 persequi
545 1036 758 1095 instituit,
797 1034 871 1083 sed
899 1038 1052 1083 eadem
1086 1053 1222 1100 opera
1251 1035 1485 1083 vniuersae
1505 1037 1821 1100 Geographiae
1849 1036 1996 1082 lucem

66 1103 196 1152 affert
218 1103 495 1165 singularem.
583 1109 712 1169 Opus
733 1102 878 1168 ipsum
897 1120 1085 1169 excepto
1106 1103 1361 1165 fragmento
1384 1106 1672 1166 Seguieriano
1695 1104 1772 1149 diu
1792 1101 1852 1149 est
1874 1100 1999 1166 quod

65 1173 306 1225 intercidit,
339 1169 411 1218 sed
434 1170 569 1219 exstat
590 1175 812 1237 epitome,
849 1189 982 1235 quam
1006 1173 1262 1219 Hermolaus
1290 1174 1619 1233 Grammaticus
1640 1170 1882 1218 Iustiniano
1909 1172 2000 1216 im-

66 1255 251 1305 perante
273 1241 411 1285 clarus
432 1241 739 1293 concinnatur,
775 1239 854 1286 nifi
876 1240 999 1303 quod
1018 1242 1065 1286 in
1084 1241 1243 1286 litteris
1263 1262 1289 1291 κ
1309 1255 1351 1286 et
1372 1251 1404 1290 λ
1425 1237 1526 1286 sunt
1545 1239 1738 1288 lacunae.
1823 1237 1998 1285 Prodiit

67 1324 166 1353 cum
190 1307 308 1352 notis
330 1308 543 1370 Stephani
566 1307 621 1353 de
642 1308 827 1359 PinedO,
849 1308 1001 1353 Iudaei
1022 1306 1231 1360 Lufitani‚
1252 1305 1391 1354 Amst.
1415 1316 1551 1370 1678.
1580 1306 1659 1355 fol.
1700 1321 1743 1353 et
1765 1324 1866 1352 cum
1888 1303 1998 1353 Abr.

66 1374 267 1420 Berkelii‘
282 1374 604 1417 commentario
628 1387 670 1417 et
689 1372 841 1417 Iacobi
863 1375 1092 1418 Gronouii
1113 1371 1512 1427 obseruationibus,
1534 1375 1837 1435 Lugd.Batav.
1857 1389 1872 1420 1
1886 1379 1998 1429 688.-

67 1456 110 1486 et
141 1444 279 1500 1694.
317 1436 397 1484 fol.
469 1435 754 1485 Doffiffimae
777 1442 924 1484 Lucae
946 1431 1174 1484 Holstenii
1203 1454 1334 1485 notae
1366 1440 1653 1503 posthumae,
1687 1441 1830 1500 Lugd.
1849 1445 1996 1486 Batav.

69 1510 210 1566 1684.
248 1503 326 1551 fol.
369 1522 457 1550 vna
486 1522 587 1550 cum
616 1502 881 1565 fragmentis
915 1506 1182 1570 Geographi
1204 1507 1383 1569 'antiqui
1410 1509 1595 1568 Scymni
1626 1508 1730 1553 Chii
1759 1503 1998 1571 separatim

64 1574 206 1620 editae
224 1569 323 1618 sunt
345 1589 366 1616 a
383 1572 635 1618 Theodoro
659 1572 850 1634 Ryckio.
925 1573 1140 1618 Eiusdem
1154 1571 1383 1619 Holstenii
1402 1571 1734 1638 obseruationes
1753 1589 1879 1620 antea
1898 1576 1996 1621 ine·

0 1672 1 1684 2
65 1641 180 1686 ditae
199 1640 249 1685 ad
274 1639 468 1685 indicem
489 1636 758 1703 scriptorum
781 1656 803 1685 a
821 1640 1046 1703 Stephano
1066 1640 1282 1702 Byzantio
1304 1642 1541 1688 citatorum
1565 1654 1826 1706 comparent
1845 1642 1893 1688 in
1913 1641 1997 1688 mi-

0 1749 3 1763 .,
62 1705 288 1769 scellaneis
309 1703 696 1754 obseruationibus
719 1708 881 1753 criticis
905 1708 1037 1753 nouis
1055 1710 1111 1754 T.
1128 1723 1170 1754 2.
1206 1724 1249 1771 p.
1270 1722 1284 1755 ι
1303 1721 1492 1766 17-124.

2 1773 3 1776 ¹
102 1818 107 1824 ,
199 1791 240 1836 ς.
272 1776 584 1838 Geographica
604 1793 626 1821 a
647 1777 813 1822 Dauide
833 1775 1069 1837 Hoesthelio
1081 1778 1251 1823 Graece
1272 1775 1387 1822 edita
1402 1773 1637 1837 Augustae,
1648 1776 1995 1823 Vindelicorum

3 1859 7 1893 ᾗ
67 1845 209 1892 1600.
229 1851 290 1908 ,8.
325 1903 331 1904 7
359 1844 577 1889 Marciani
599 1843 893 1889 Heracleotae
927 1841 1049 1902 (siue
1071 1860 1124 1889 ex
1145 1858 1272 1907 parte
1293 1844 1481 1906 Scymni
1511 1844 1696 1908 potius)
1732 1859 1774 1890 et
1801 1843 1994 1906 Scylacis

4 1919 7 1936 ³
62 1908 394 1973 Cnyandenfis,
431 1910 713 1958 Artemidori
739 1908 939 1976 Ephefii,
974 1911 1239 1959 Dicaearchi
1267 1908 1487 1959 Mersenii
1506 1926 1550 1960 et
1571 1909 1729 1961 Isidori
1748 1912 1993 1960 Characeni

62 1974 224 2042 scripta
245 1976 620 2042 coinplefi'tuntur.
988 2025 990 2027 .

209 2053 251 2093 6.
289 2047 555 2110 Geographi
585 2045 755 2095 Graeci
782 2047 983 2095 minores
1014 2051 1186 2096 Graece
1220 2061 1263 2095 et
1293 2047 1454 2094 Latine
1481 2046 1654 2110 vulgati
1685 2064 1788 2095 cum
1821 2048 1940 2099 notis
1968 2064 1993 2095 a

10 2125 13 2173 j
64 2113 214 2158 Ioanne
242 2113 435 2173 Hudstmo
463 2117 519 2158 V.
548 2117 595 2160 C.
627 2131 716 2160 vna
748 2132 848 2161 cum
880 2113 1124 2180 praemissis
1150 2131 1356 2163 veterum
1378 2113 1657 2169 testimoniis,
1687 2132 1731 2162 et
1752 2113 1991 2162 dofflffimi

11 2180 13 2207 ³
54 2179 289 2245 Dodwelli
308 2176 682 2228 differtationibus
704 2182 758 2228 de
776 2197 912 2230 aetate
937 2199 980 2231 et
999 2181 1174 2247 scriptis
1192 2181 1474 2245 {iugulorum
1495 2184 1541 2228 in
1560 2184 1713 2247 primo
1735 2199 1777 2230 et
1794 2181 1989 2231 secundo

14 2273 15 2289 2
62 2247 219 2292 Tomo
242 2247 624 2310 Geographorum
649 2264 691 2295 et
710 2249 918 2316 Dionyfii
953 2253 1221 2315 Periegetae‚
1254 2251 1429 2299 Oxonii
1449 2258 1587 2313 1698.
1614 2263 1915 2318 1703.1712.
1946 2259 1987 2303 8·

16 2347 17 2351 ,
68 2327 256 2391 quatuor
274 2313 600 2366 voluminibus,

643 2427 838 2484 Tomo
885 2428 924 2485 Ι.
950 2475 954 2478 .
1004 2429 1398 2490 Continentur:

20 2493 21 2496 Ἰ
64 2509 282 2561 Hannonis
318 2512 536 2577 periplus.

64 2577 243 2636 Scylacis
277 2581 491 2645 periplus.

65 2643 389 2705 Agatharchides
425 2647 480 2694 de
518 2645 633 2693 mari
670 2644 824 2696 rubro,

67 2711 248 2762 Arriani
276 2715 479 2782 periplus
506 2715 641 2766 Ponti
673 2714 853 2764 Euxini.
1907 2782 1942 2827 P

1906 2827 1910 2831 Α
1934 2793 1987 2827 4·
