2263 3027
188 134 283 203 2³0
428 131 577 188 CAP.
612 133 697 204 vi.
768 128 979 184 NovA
1048 112 1255 184 ROMA
1323 122 1917 190 CONSTANTINOP.

186 257 282 313 d'un
302 261 528 329 quage·de
555 259 895 325 Constantinople,
924 258 1116 312 enrichie:
1131 246 1199 304 Hes
1208 259 1345 326 plans,
1362 261 1476 307 levez
1488 275 1576 328 par
1601 261 1795 308 l'Aureur
1805 263 1891 324 fiir
1911 264 1967 310 les
1986 262 2122 313 lieux

187 345 232 382 et
253 336 302 381 de
323 346 420 380 tout
439 347 502 382 ce,
539 330 642 392 qu’il
650 345 688 390 y
709 346 735 374 a
753 330 802 373 cle
813 328 909 392 plus
929 325 1225 390 remarquable
1245 331 1294 379 de
1318 343 1426 376 cette
1444 331 1554 380 ville.
1627 331 1778 377 Huius
1799 331 1906 378 libri
1924 330 2129 382 leffione„

186 404 434 451 vehemens
449 397 574 463 saepe
587 395 851 444 desiderium
866 396 1022 441 CPolis
1033 395 1255 442 adeundae
1277 398 1322 443 in
1333 395 1375 444 se
1385 400 1625 446 excitatum
1648 397 1890 449 testaturv.
1903 402 1950 448 C.
1964 400 2121 452 Adria-

186 488 271 520 nus
292 468 513 518 Rei-andus
536 466 611 514 lib.
633 462 715 512 sec.
738 464 793 511 de
816 463 944 526 relig.
964 464 1330 513 Muhammediea
1359 483 1403 532 p.
1435 482 1447 513 ι
1461 481 1540 527 51.
1981 482 1985 486 ’

321 609 393 653 De
414 599 705 669 scriptoribus
728 616 879 647 rerum
906 602 1254 663 Byzantinarum
1275 615 1318 647 er
1337 602 1678 650 CPolitanarum
1700 600 1835 649 exstat
1857 602 2057 652 eruditus
2078 618 2124 652 et

186 690 414 724 accuratus
439 671 788 720 commentarius
812 668 1083 733 compofitus
1107 687 1128 715 a
1150 673 1346 715 Martino
1372 673 1559 717 Hanckio
1592 668 1710 736 Lips.
1732 680 1873 731 1677.
1908 686 2123 736 4.quem-

185 744 433 790 admodum
459 757 500 788 et
522 740 578 791 de
598 743 899 785 Romanarum
925 754 1075 794 rerum
1097 735 1388 801 scriptoribus
1412 737 1526 785 liber
1547 738 1714 803 duplex
1740 738 1796 784 ib.
1820 742 1954 795 1669.
1981 748 2121 802 1675.

184 827 281 876 4to.
351 809 479 856 Obiit
509 809 583 854 vir
611 803 997 871 praestantissimus
1030 821 1074 854 et
1103 806 1391 854 Vratislauiae
1421 802 1520 854 suae
1549 807 1683 856 decus
1713 822 1809 855 non
1830 807 2017 872 vulgare
2044 807 2122 858 die

187 896 263 944 24.
286 878 432 947 April.
477 882 564 950 An.
588 888 731 940 1709.

716 1070 722 1078 ·
809 1020 1239 1178 CAPVT
1309 1014 1503 1142 vn.

278 1217 384 1288 De
411 1213 830 1308 scriptoribus
868 1218 986 1317 qui⁴
1005 1214 1512 1302 chronologiam
1538 1209 1948 1306 Technicam
1966 1223 2037 1282 et

311 1347 318 1351 ·
779 1322 1114 1378 Historieam
1179 1318 1535 1376 tradiderunt.
2019 1324 2023 1325 ’

183 1443 463 1509 Chronologia
485 1443 656 1510 duplex,
693 1442 881 1489 technica
904 1454 945 1487 et
965 1439 1171 1503 historica.
1215 1452 1254 1487 Ι.
1331 1437 1567 1499 Historicac
1582 1435 1821 1503 striptores
1844 1445 2010 1484 veteres
2029 1446 2128 1484 ante

318 1511 546 1575 Eusebium.
571 1528 613 1560 2.
683 1513 748 1557 De
767 1508 929 1572 Eufi’bii
948 1508 1228 1567 Chronica&
1298 1505 1546 1569 Chronologi
1561 1505 1644 1569 post
1665 1502 1881 1566 Eafi’bium
1902 1508 2127 1568 Graeci.4.
2194 1556 2197 1557 ⁷

322 1584 480 1633 Latini.
520 1594 561 1638 5.
592 1593 595 1595 ’
637 1581 783 1630 Iudaei
799 1591 842 1623 et
871 1574 1042 1624 Arabes.
1080 1573 1134 1619 ib.
1213 1575 1479 1618 Recentiores
1500 1577 1735 1637 praecipui.
1769 1581 1811 1619 6.
1886 1574 2129 1638 Scriptores

264 1659 268 1662 “
321 1648 606 1709 chronologiae
625 1646 847 1693 technicae.
885 1660 932 1706 7.
962 1646 968 1650 ’
1003 1645 1167 1688 Parum
1186 1640 1303 1687 vrilis
1320 1639 1589 1701 quorundam
1609 1642 1654 1682 in
1674 1643 1867 1684 minutiis
1888 1651 1931 1684 ct
1952 1641 2131 1685 incertis

314 1711 575 1780 περιεργίαι.
613 1719 655 1767 8.
727 1711 1081 1774 Chronologorum
1104 1707 1267 1767 dzffi'dia
1290 1711 1406 1751 circa
1425 1722 1579 1751 annum
1598 1707 1779 1751 natalem
1807 1708 2053 1752 CHRISTI.
2081 1721 2130 1765 9.

322 1784 422 1830 Idea
442 1781 742 1844 Chronologicae
765 1795 916 1824 rerum
931 1781 1260 1843 praeczpnartmz
1281 1774 1431 1838 dzgesta
1445 1773 1614 1839 persbx
1627 1789 1837 1818 annorum
1858 1773 2131 1818 millenarios.

327 1863 403 1897 10.
473 1845 655 1910 Substdia
674 1847 970 1910 Chronologica
990 1845 1195 1907 quaedam
1221 1838 1493 1893 enumerata,
1527 1858 1580 1886 cx
1600 1839 1750 1903 quibus
1778 1846 1822 1885 in
1836 1844 2033 1903 gratiam
2041 1840 2129 1901 stut-

323 1916 534 1978 diosorztnz
556 1918 635 1962 duo
659 1916 696 1963 h.
716 1916 741 1960 l.
751 1911 978 1976 stabiunffa
1003 1909 1281 1967 exhibentur,
1316 1911 1447 1956 Index
1478 1908 1737 1958 Archontum
1764 1907 2067 1971 Athenienfium
2085 1918 2130 1954 et

324 1983 574 2045 Pontificum
592 1986 880 2035 Romanorum
900 1977 1203 2048 Alphabeticus.
1241 1992 1262 2026 1
1277 1992 1315 2027 1.

288 2165 598 2229 hronologiae,
619 2160 990 2229 fiueDiscipli'nae
1004 2177 1115 2228 quae
1135 2174 1398 2225 temporum
1413 2157 1610 2204 rationes
1627 2157 1829 2221 exponit,
1851 2154 1963 2204 duae
1983 2156 2133 2204 omni·

320 2252 380 2283 no
402 2232 502 2281 sunt
523 2249 669 2300 partes
693 2235 980 2297 praecipuae,
998 2240 1000 2242 ’
1015 2247 1105 2277 vna
1127 2244 1264 2294 quem
1284 2224 1564 2274 Technicam
1589 2223 1724 2290 poffis
1743 2225 1982 2291 appellare,
2018 2241 2130 2289 quo.-

193 2306 316 2353 niam
346 2319 441 2350 non
469 2300 560 2350 fine
590 2317 683 2348 arte
713 2316 754 2347 et
788 2302 972 2362 ingenio
1002 2296 1193 2352 constat,
1227 2311 1359 2360 atque
1389 2291 1674 2341 scientiarum
1704 2295 2131 2342 Mathematicarum

193 2371 509 2421 Astronomiae
530 2384 573 2418 et
594 2369 916 2417 Arithmeticae
935 2364 1127 2413 subsidio
1149 2366 1374 2419 rationem
1396 2360 1641 2415 mensium,
1677 2378 1901 2421 annorum
1935 2376 1979 2407 et
2009 2363 2133 2425 Epo-

196 2441 385 2488 charum
403 2437 523 2504 apud
532 2439 674 2484 varias
693 2451 845 2498 gentes
870 2437 929 2481 ita
949 2435 1079 2480 docet
1101 2432 1327 2498 expedire,
1363 2445 1414 2476 vt
1431 2430 1676 2476 earundem
1698 2424 1923 2477 diuersitas
1944 2430 2064 2475 inter
2080 2424 2134 2484 3se

197 2503 401 2554 conferri
425 2521 555 2570 atque
578 2504 854 2569 comparari,
890 2517 933 2549 et
952 2499 1159 2550 Vniuersa
1188 2517 1298 2563 quae
1327 2498 1383 2546 ad
1415 2495 1666 2545 dostrinam
1699 2512 1963 2562 temporum
1991 2496 2131 2560 perti·

198 2573 352 2621 nentia
378 2571 429 2618 ab
453 2575 602 2620 omnis
623 2572 800 2635 generis
821 2568 1113 2634 scriptoribus
1134 2568 1391 2619 traduntur,
1424 2563 1547 2613 reQe
1568 2565 1784 2626 intelligi,
1820 2578 1952 2627 atque
1983 2581 2037 2610 ex
2057 2580 2131 2611 eu-

198 2640 360 2701 iusque
387 2639 631 2701 hypothesi
659 2638 749 2686 siue
779 2635 1019 2690 sententia,
1051 2635 1206 2684 calculi
1229 2637 1288 2681 ita
1315 2649 1366 2681 vt
1387 2650 1468 2698 par
1496 2631 1556 2680 est
1585 2633 1699 2697 poni
1730 2628 1909 2697 poffint.
1977 2630 2132 2678 Altera

202 2722 304 2772 pars
323 2703 549 2752 Historica
570 2705 630 2750 est
651 2721 692 2751 et
715 2708 761 2751 in
784 2706 916 2753 rebus
935 2703 1067 2768 gestis
1088 2718 1474 2768 quarumcumque
1496 2702 1723 2763 gentium,
1760 2711 2132 2763 quarumcunque

205 2785 395 2824 aetatum
413 2771 468 2821 ad
484 2768 614 2821 suum
633 2771 883 2838 quibusque
900 2788 1079 2839 tempus
1107 2768 1363 2827 referendis
1376 2784 1471 2820 tota
1488 2766 1549 2820 est
1569 2780 1793 2834 occupata.
1872 2835 1919 2882 n
1959 2836 2008 2898 Q

1920 2870 1933 2886 .
2008 2846 2130 2882 uam-
