2263 3027
240 109 343 162 402
596 93 746 146 CAP.
782 95 864 146 lx.
939 89 1236 144 MONTES
1270 88 1464 142 SACRI
1495 88 1821 146 EXCELSA.

238 235 284 287 p.
299 234 413 284 4¹4·
477 220 551 266 De*
573 216 805 266 Persarum
831 215 1042 266 sollemni
1074 213 1287 264 sacrificio
1316 217 1362 264 in
1382 214 1554 280 excelso
1574 231 1733 268 monte
1755 219 1846 282 agit
1863 221 2070 287 Appianas
2090 218 2176 270 fol.

240 304 296 336 21
313 304 353 351 ς.
381 286 677 334 Mithridatic.
1629 347 1632 350 Ι

378 354 503 402 XIII.
538 355 701 401 Primis
728 354 965 418 Aegyptiis
983 368 1114 418 atque
1136 354 1241 402 inde
1262 352 1449 418 Assyriis
1470 352 1559 401 hoc
1579 353 1799 410 tributum
1814 389 1826 410 ,
1863 355 1987 418 quod
2007 356 2174 421 templa

235 423 336 469 Diis
357 419 698 475 consecrassent,
732 423 823 468 'iam
847 419 979 486 supra
1006 425 1039 481 §.
1061 439 1096 470 1.
1121 439 1175 469 ex
1195 424 1437 471 Herodoto
1462 424 1731 471 notauimus.
1820 423 1944 487 inter
1976 427 2173 473 Graecos

234 490 486 537 Deucalion
512 491 688 555 pri-mus
711 490 915 536 condidit
940 489 1095 547 vrbes,
1133 506 1175 537 et
1206 491 1373 557 templa
1403 488 1613 546 instituit,
1643 490 1674 539 si
1707 492 1933 540 credimus
1960 494 2170 559 Apollonio

234 557 397 606 Rhodio
417 557 517 605 Lib.
531 560 606 605 111.
627 557 1032 626 οἱςγογαυτικῶνΝῐ
1053 561 1311 606 omittamus
1333 576 1443 624 quae
1461 560 1594 607 tradit
1615 561 1833 626 Hyginus
1853 557 1941 608 fab.
1955 563 2173 611 CCXXV.

235 626 290 675 In
311 627 440 673 Latio
452 627 731 691 templorum
753 628 928 692 primus
948 628 1160 673 conditor
1179 631 1309 674 ianus
1333 628 1406 675 vel
1417 631 1607 684 Faunus,
1629 647 1653 676 a
1673 646 1763 694 quo
1784 627 2013 693 postremo
2038 629 2174 676 etiarn

233 690 336 740 fana
357 692 473 740 dista
494 695 658 741 volunt
687 694 922 748 nonnulli,
938 694 1008 742 ,de
1036 712 1126 758 quo
1161 696 1313 742 videas
1337 696 1440 742 licet
1464 695 1671 756 Festum,
1705 713 1746 744 et
1777 699 1824 744 in
1845 694 2173 762 Etymologico

235 762 427 822 Vfflz'um.
505 762 704 810 Delubra
721 762 848 810 'Solis
869 778 912 810 et
932 765 1175 826 Serapeum
1202 764 1319 828 apud
1335 766 1594 831 Aegyptios
1607 765 1799 812 rotunda
1823 762 1961 820 suere,
1975 780 2025 810 vt
2045 764 2175 811 docet

231 829 470 879 Kircherus
492 834 629 877 Tom.
654 834 710 877 Il.
747 830 918 896 Oedipi
945 836 1140 895 Aegypt.
1174 836 1217 878 P.
1245 833 1293 879 ll.
1324 848 1367 896 p.
1396 847 1500 892 329.
1568 835 1637 879 Sic
1668 848 1711 881 et
1744 831 1975 891 Persarum
2006 832 2175 897 templa

231 899 356 959 Ignis
379 898 499 957 (illos
512 899 633 945 enim
661 900 896 954 interiecto
911 914 1119 963 tempore
1132 900 1583 964 templis-neutiquam
1608 899 1801 954 caruisse,
1828 901 1958 947 certis
1979 900 2175 947 testimo·

230 967 317 1012 niis
339 964 531 1026 constat)
562 966 815 1012 cuiusmodi
844 969 1022 1032 Πυρειόυ
1050 968 1237 1014 rotundi
1276 969 1518 1029 imaginem
1551 968 1735 1016 exhibet
1771 962 1946 1015 Thomas
1968 970 2092 1030 Hyde
2124 968 2173 1013 in

229 1033 458 1097 praeclaro
487 1048 626 1098 opere
647 1035 701 1081 de
722 1037 864 1081 veteri
889 1035 1125 1097 Religione
1148 1033 1378 1083 Persarum
1392 1053 1490 1100 pag.
1511 1052 1620 1099 354.
1691 1036 1802 1082 Inde
1824 1052 1866 1082 et
1893 1034 2046 1081 Vestae
2065 1050 2176 1081 tem-

161 1105 166 1110 '
228 1101 356 1164 plum
379 1101 499 1165 apud
514 1104 748 1162 *Romanos
771 1103 1020 1149 rotundum
1043 1100 1142 1157 fuit,
1167 1104 1221 1151 de
1241 1121 1332 1167 quo
1345 1106 1498 1170 Lipsius
1524 1104 1621 1152 Lib.
1636 1104 1699 1151 de·
1713 1103 1842 1152 Vesta
1862 1120 1904 1149 et
1926 1101 2176 1150 Vestalibus

229 1184 266 1214 c.
293 1184 330 1226 3.
355 1165 416 1231 sq.
508 1173 579 1216 De
617 1171 815 1217 Pantheo
851 1174 1189 1236 AegyPtiorum
1223 1171 1398 1218 Thebis
1431 1187 1474 1218 et
1511 1171 1755 1236 Heliopoli
1793 1171 2022 1219 adeundus
2051 1170 2176 1217 idem

225 1236 463 1283 Kirchcrus
491 1241 630 1285 Tom.
655 1238 688 1286 1.
721 1238 902 1303 Oedipi,
929 1257 973 1304 p.
1006 1255 1080 1288 12.
1156 1243 1381 1289 Pocockius
1401 1240 1496 1286 itin.
1528 1236 1593 1285 sui
1618 1252 1665 1303 p.
1690 1252 1769 1294 92.
1794 1256 1837 1286 et
1856 1239 2009 1285 Daniel
2025 1239 2066 1284 la
2090 1241 2176 1284 Ro-

227 1302 308 1366 q'ue
323 1305 495 1350 itineris
518 1306 565 1351 in
588 1307 780 1369 Syriam,
801 1305 930 1353 Paris.
949 1322 964 1353 1
978 1314 1086 1368 689.
1106 1321 1178 1356 12.
1216 1308 1388 1354 Gallice
1408 1307 1516 1352 editi
1535 1311 1593 1352 T.
1608 1307 1637 1354 l.
1651 1322 1723 1369 p.1
1737 1321 1811 1369 33.
1834 1304 1927 1369 sqq.
1965 1305 2045 1352 vbi
2066 1320 2177 1351 tem·

224 1370 355 1435 plum
369 1371 768 1436 Heliopolitanum
784 1374 1148 1437 pulcherrimum
1164 1371 1428 1420 describitur
1439 1391 1450 1431 3
1473 1373 1591 1420 aliud
1608 1375 1756 1419 minus
1769 1373 2016 1419 rotundum
2028 1387 2177 1419 autem

224 1455 269 1504 p.
291 1454 310 1487 1
326 1455 398 1496 52.
414 1436 506 1504 sqq.
544 1440 653 1487 adde
673 1440 1053 1505 numosPhilippi
1073 1439 1181 1489 ibid.
1197 1457 1357 1507 p.175.
1371 1456 1414 1488 et
1434 1456 1537 1501 ¹77.
1576 1440 1757 1504 Vbique
1776 1456 1922 1487 autem
1943 1437 2174 1504 templaab

226 1509 468 1572 Aegyptiis
480 1506 853 1569 magnaextrucsta
876 1508 1088 1568 molibus,
1102 1510 1199 1556 altis
1221 1508 1386 1556 sublata
1406 1507 1606 1572 fastigiis,
1629 1511 1763 1563 atriis,
1786 1508 2074 1554 columnariis
2086 1524 2175 1552 am-

225 1573 428 1639 pliffimis
448 1591 491 1621 et
510 1573 780 1639 spirantibus
807 1575 1038 1638 signorum
1059 1593 1212 1623 ornata
1235 1575 1462 1638 figmentis
1485 1575 1634 1630 fuiss'e,
1666 1575 1822 1624 ausim·
1851 1574 1912 1622 est
1930 1579 2176 1622 Ammianus

217 1643 500 1688 ¹Marcellinus
521 1643 623 1689 Lib.
642 1647 779 1689 XXII.
799 1661 834 1689 c.
856 1662 923 1699 ις.
947 1644 990 1690 δι
1019 1651 1089 1693 16.
1126 1644 1206 1690 vbi
1232 1647 1362 1691 etiam
1388 1645 1441 1692 de
1463 1650 1656 1709 Serapeo
1687 1646 1705 1679 8
1739 1644 1928 1700 celebri,
1950 1644 1992 1691 ἃ
2013 1640 2173 1693 Museo

228 1708 539 1757 Alexandrino
560 1707 591 1758 s.
611 1711 786 1774 templo
806 1709 1111 1768 Musarum,&
1133 1713 1293 1772 gradili
1325 1715 1464 1759 Genii
1483 1713 1670 1774 templo.
1738 1713 1876 1755 Nihil
1896 1727 2008 1755 vero
2035 1712 2174 1756 admi-

226 1776 409 1823 rabilius
431 1776 622 1823 delubro
644 1778 738 1831 illo,
765 1779 887 1842 quod
909 1796 933 1825 e
955 1776 1099 1825 solido
1120 1777 1247 1835 saxo,
1278 1796 1360 1845 per
1391 1793 1539 1828 2000.
1571 1777 1782 1824 homines
1805 1777 1991 1823 triennii
2027 1773 2170 1838 spatio

223 1843 501 1891 elaboratum
544 1861 588 1892 et
631 1862 713 1909 per
753 1860 829 1908 70.
877 1847 1054 1894 dierum
1094 1848 1178 1895 iter
1217 1849 1479 1894 translatum
1526 1861 1674 1892 narrat
1711 1847 1955 1891 Herodotus
1991 1843 2090 1889 Lib.
2113 1844 2169 1891 Π.

227 1929 260 1958 c.
299 1927 398 1974 ¹75·
436 1911 516 1959 vbi
536 1929 579 1959 et
600 1914 681 1964 alia
702 1914 904 1960 miranda
928 1916 1264 1979 Aegyptiorum
1298 1916 1467 1979 templa
1498 1927 1926 1960 commemorantur.
2002 1911 2168 1957 Solitos

228 1977 313 2026 effe
334 1982 588 2045 Aegyptios
610 1980 802 2045 aliasque
822 1986 1058 2044 gentes,iis
1081 1981 1357 2048 potissimum
1381 1985 1428 2028 in
1447 1983 1569 2034 locis,
1582 1981 1816 2041 vbiches
1838 1977 1928 2025 five
1948 1979 2025 2024 Dii
2052 1975 2169 2043 ipso-

193 2082 196 2086 ·
226 2064 326 2094 rum
347 2045 508 2111 sepulti
526 2056 663 2102 erant,
691 2052 858 2114 templa
881 2052 1102 2104 condere,
1127 2052 1379 2099 docuerunt
1398 2052 1488 2095 viri
1522 2048 1642 2095 doe‘ci
1663 2048 1716 2093 ad
1739 2051 1978 2094 Minucium
1997 2048 2167 2092 Felicem
2229 2097 2231 2099 ,

228 2129 269 2161 et
291 2115 459 2161 librum
481 2119 559 2160 IV.
579 2115 769 2170 Arnobii‚
791 2133 833 2164 et
855 2121 910 2165 10.
934 2120 1195 2182 Dougleteius
1213 2121 1259 2165 in
1273 2116 1499 2166 Analestis
1521 2118 1572 2163 ad
1587 2120 1640 2160 V.
1655 2120 1711 2162 T.
1732 2132 1775 2181 p.
1791 2130 1904 2178 475.
1929 2114 2049 2161 vnde
2071 2111 2165 2179 spe-

227 2179 395 2228 ciosum
414 2182 635 2247 templum
651 2186 785 2231 Genii
805 2186 923 2249 apud
945 2187 1138 2234 eundem
1152 2187 1444 2235 Ammianum
1465 2186 1562 2235 Lib.
1577 2187 1713 2244 XXII.
1729 2202 1795 2233 c.1
1811 2200 1847 2233 1.
1871 2200 1953 2249 per
1966 2197 2164 2230 contem·

227 2265 323 2300 tum
359 2268 381 2298 a
403 2253 608 2313 Georgio
638 2253 832 2315 quodam
852 2256 1101 2319 appellatur
1123 2253 1424 2319 sepulchrum.

370 2318 751 2384 lchnographiam
775 2324 933 2386 templi
955 2321 1229 2371 vetustissimi
1253 2322 1550 2370 Deucalionei
1585 2319 1719 2368 habes
1749 2322 1796 2366 in
1833 2323 1955 2365 Notis
1972 2321 2029 2365 ad
2049 2335 2161 2364 mar-

225 2402 348 2432 mora
371 2388 611 2449 Oxoniensta
630 2389 743 2436 RH.
766 2404 809 2452 p.
843 2403 945 2437 120.
1015 2392 1136 2437 Alias
1158 2390 1475 2437 delineationes
1501 2391 1777 2454 templorum
1800 2401 2002 2434 veterum
2026 2388 2163 2438 Gra'e-

229 2471 384 2500 corum
405 2457 809 2520 Romanorumque
827 2456 1026 2512 videbis,
1064 2450 1142 2504 'vbi
1164 2457 1336 2505 lubebit
1355 2493 1365 2512 ,
1402 2458 1522 2522 apud
1553 2460 1699 2504 Olaum
1725 2452 2006 2503 Rudbeckimn
2033 2458 2092 2501 T.
2125 2469 2160 2501 1.

230 2521 432 2569 Atlantic.
456 2540 501 2588 p.
518 2535 610 2587 247
627 2520 689 2588 sq.
738 2527 840 2570 ·Iac.
859 2527 1056 2600 Sponimei
1080 2527 1128 2572 in
1148 2528 1383 2574 itinerario
1412 2531 1459 2574 T
1463 2543 1555 2574 om.
1571 2530 1628 2574 11.
1649 2543 1694 2591 p.
1710 2531 1770 2579 28
1792 2537 1835 2569 et
1861 2525 1938 2585 36.
1962 2538 2005 2571 et
2029 2540 2083 2570 ex
2103 2537 2159 2636 epl

887 2633 893 2638 .
2038 2606 2124 2655 apn

279 2666 297 2711 θ
328 2683 521 2735 Serapeum
545 2684 597 2725 est
617 2689 807 2740 templum
829 2689 1041 2744 Serapidis,
1062 2701 1102 2732 vt
1126 2691 1287 2732 Idoleum
1308 2692 1407 2733 Idoli
1432 2705 1452 2734 1
1479 2693 1567 2732 Cor.
1578 2667 1676 2731 Vin.
1695 2702 1732 2742 9.
1755 2693 1902 2739 τυχᾳῗον
1932 2689 1993 2729 vel
2014 2692 2157 2740 τῦκείθν

221 2739 573 2848 ἓξξτιέιιιιξ7ῦαης.
597 2742 645 2781 ad
661 2743 856 2787 Zonaram
878 2759 918 2801 p-
944 2757 1007 2802 52.
1065 2747 1167 2790 Vide
1194 2750 1307 2803 plura
1327 2747 1556 2790 huiusmodi
1575 2747 1734 2789 collecta
1753 2746 1778 2786 1.
1800 2757 1841 2789 2.
1861 2744 1959 2788 Bibl.
1983 2746 2151 2802 Graeea'e
