2263 3027
165 82 263 133 840
299 65 448 120 CAP.
475 63 666 116 XVIII.
720 58 813 110 DE
851 51 1561 114 VESTIBVS..GRAECOR.
1598 53 1695 106 ET
1732 56 2106 113 RO-MANOR.

173 196 228 244 de
250 196 382 245 etiam
402 188 603 257 Lipsium
633 187 712 236 lib.
734 203 772 236 t.
798 181 924 233 ele&
954 199 1046 248 cap.
1074 197 1146 240 13.
1178 197 1222 230 et
1243 182 1386 248 Angeli
1405 181 1585 231 Mariae
1605 183 1740 228 Riccii
1761 179 2107 230 dissertationem

173 265 230 312 de
262 277 467 310 veterum
498 255 695 306 vestibus
721 254 988 317 reliquoque
1023 253 1229 316 corporis
1257 265 1440 304 ornatu,
1477 266 1590 313 quae
1621 248 1757 297 exstat
1792 252 1896 298 Vol.
1939 267 1982 297 2.
2016 253 2109 296 cius

174 331 336 380 dissert.
366 329 731 376 Homericarum.
754 323 995 370 Florentiis
1031 334 1171 382 1741.
1197 335 1243 375 4.
1275 336 1318 384 p.
1352 333 1421 379 14.
1492 317 1623 379 Isaaci
1656 316 1882 380 Casizuboni
1913 334 2027 382 opus
2058 318 2114 364 de

175 419 223 447 re
245 395 445 445 vestiaria
471 410 676 441 veterum
704 391 827 457 quod
851 386 1056 454 promisit
1078 404 1174 452 pag.
1201 404 1274 448 54.
1297 385 1528 452 Epistolar.
1550 385 1604 431 acl
1624 387 1824 433 Dionem
1847 382 2115 449 Chrysosto-

174 484 302 516 mum
330 481 371 512 et
394 463 498 511 alibi
522 464 656 508 variis
678 463 723 507 in
749 460 858 505 locis
882 456 1129 504 dolendum
1151 454 1240 511 est,
1277 471 1506 518 nunquam
1531 451 1756 517 prodiisse,
1787 456 1888 502 licet
1908 467 2117 516 excerpta

176 535 392 600 quaedam
414 531 534 578 illius
555 530 608 577 ad
632 530 720 576 hoc
743 521 1057 589 argumentum
1081 521 1319 588 speffiantia
1352 537 1586 569 occurrant
1620 524 1667 568 in
1701 521 1978 579 Bibliotheca
1995 520 2120 568 ›Bod-

176 605 340 655 leian-a,
378 600 482 647 vide
515 608 557 645 e't
587 598 814 645 Mericum
837 590 1145 640 Casaubonum
1167 588 1297 637 lfa-aci
1327 588 1386 640 fil.
1417 591 1534 636 notis
1560 589 1614 636 ad
1635 588 1891 653 Epiffoetum
1921 606 2018 655 pag.
2043 596 2119 650 87.

177 673 373 719 Claudius
403 683 585 731 quoque
616 665 835 726 Salmasius
867 663 914 708 in
939 663 1057 707 notis
1091 659 1145 705 ad
1168 658 1501 705 Tertullianum
1533 657 1587 704 de
1617 658 1756 722 pallio
1788 677 1887 724 pag.
1910 667 1983 714 80.
2010 657 2120 703 eius·

179 740 282 786 dem
304 737 558 798 argumenti
579 750 693 798 opus
725 729 816 778 sub·
833 728 1043 782 ,manibus
1074 726 1239 775 habere
1266 723 1309 774 se
1331 724 1506 774 testatus
1527 723 1610 780 est,
1650 728 1773 772 cuius
1803 743 1895 774 non
1923 740 2125 772 contem-

179 806 326 855 nenda
355 803 602 868 specimina
631 800 758 857 dedit'
782 802 828 846 in
859 798 1020 845 eodem
1054 796 1107 842 ad
1121 796 1465 842 Tertullianum
1504 797 1830 841 commentario
1863 791 2039 859 paffim,
2075 792 2124 839 in

178 869 576 931 exercitationibus
595 869 807 916 Plini-anis
828 866 1101 913 adSolinum
1125 878 1166 910 et
1187 851 1305 911 alibi.
1386 859 1559 909 Confer
1581 865 1734 910 Grotii
1758 861 1988 928 epistolam
2018 874 2125 920 355.

180 940 374 991 Salmafii
395 956 508 1004 opus
552 939 609 984 de
644 954 692 983 re
720 933 919 982 vestiaria
950 930 1154 998 promisit
1177 936 1229 978 A.
1255 937 1396 988 1689.
1419 932 1634 978 Lantinus
1665 930 1847 996 praefat.
1870 931 1923 976 ad
1946 933 2128 976 Homo-

92 1066 101 1071 ,
178 1027 322 1075 :nyma
341 1004 599 1056 Salmafiana
618 999 756 1067 'hyles
785 1004 981 1054 iatricae,
1022 996 1096 1046 sed
1125 1004 1176 1045 A.
1204 1006 1346 1058 1695.
1368 1014 1423 1044 -et
1450 995 1543 1064 ipse
1574 1014 1722 1045 morte
1755 1013 2021 1064 praeuentus
2053 992 2127 1049 est,

179 1096 265 1128 nec
284 1073 606 1143 praetereunda
628 1069 790 1135 scripta
814 1072 861 1116 in
880 1080 1118 1129 Vtramque
1146 1068 1320 1129 partem
1341 1066 1457 1112 edita
1480 1063 1707 1113 occasione
1732 1068 1851 1113 illius
1879 1069 1927 1113 in
1946 1062 2130 1115 Tertul-

180 1147 352 1194 lianum
386 1140 698 1190 commentarii
724 1157 745 1184 a
767 1134 971 1184 salmasio
992 1134 1188 1197 -quidem
1225 1129 1305 1178 sub
1329 1134 1517 1179 nomine
1535 1134 1747 1195 Francifii
1765 1138 1939 1187 Franci,
1976 1151 2000 1179 a
2018 1135 2131 1178 Dio·
2221 1119 2236 1155 ;·

182 1212 313 1278 nysio
337 1212 517 1258 Petauio
539 1223 686 1258 autem
706 1202 784 1252 sub
810 1205 998 1251 nomine
1016 1205 1189 1248 Antonii
1215 1201 1435 1247 Kerkoetii
1456 1202 1723 1248 Aremorici.
1792 1205 1861 1248 De
1882 1202 2060 1267 priuato
2088 1213 2130 1245 et

184 1278 428 1329 domestico
451 1280 764 1323 Romanorum
788 1270 948 1318 vestitu
973 1271 1062 1331 agit
1090 1268 1195 1317 Phil.
1215 1271 1320 1314 Lud.
1349 1272 1646 1317 Hannekenius
1674 1271 1721 1315 in
1754 1265 2131 1316 dissertationibus
2203 1308 2206 1311 Α

184 1349 240 1396 de
253 1365 355 1395 cura
367 1342 605 1393 domestica
619 1345 749 1388 Rom.
763 1357 806 1405 p.
824 1355 884 1401 34
898 1336 962 1403 sq.
986 1338 1041 1383 de
1060 1336 1222 1384 vestitu
1245 1334 1495 1393 seruorum,
1516 1354 1559 1401 p.
1578 1334 1703 1401 83sq·
1732 1338 1787 1384 de
1807 1336 1967 1384 vestitu
1990 1332 2134 1382 infan-

183 1433 296 1470 tum,
311 1429 577 1480 puerorum,
592 1413 822 1461 iuuenum,
835 1407 1085 1472 puellarum
1113 1420 1155 1451 et
1178 1406 1409 1467 virginum
1430 1423 1474 1471 p.
1493 1402 1655 1469 123sq.
1671 1406 1726 1453 de
1745 1404 1939 1453 vestibus
1958 1403 2134 1451 accubi-

185 1486 316 1533 toriis
329 1499 372 1530 et
384 1478 695 1530 conuiualibus
706 1479 901 1525 Stuckius
917 1478 972 1523 11.
990 1485 1065 1524 26.
1081 1474 1216 1536 antiq.
1237 1475 1457 1520 conuiual.
1493 1475 1646 1538 Lipsius
1658 1471 1972 1521 serm.Saturn.
1998 1471 2073 1518 lib.
2097 1487 2134 1520 1.
2224 1451 2233 1484 ἰ

186 1570 281 1618 cap.
303 1567 344 1599 2.
366 1566 408 1598 et
427 1547 608 1596 lefflon.
631 1563 724 1593 var.
744 1544 823 1592 lib.
841 1561 880 1606 3.
899 1561 947 1590 ac
968 1545 1200 1589 Ferrarius
1221 1540 1296 1588 lib.
1316 1557 1353 1590 1.
1376 1558 1410 1590 c.
1435 1555 1496 1604 29
1523 1539 1616 1605 sqq.
1652 1545 1879 1591 Petronius
1889 1539 2136 1589 Burmanni

184 1638 287 1687 pag.
318 1635 332 1667 1
352 1634 422 1681 ¹7·
448 1631 492 1664 et
515 1617 570 1663 de
593 1614 748 1662 habitu
768 1613 1006 1666 venatorio
1026 1627 1125 1675 pag.
1154 1624 1261 1672 179.
1329 1613 1399 1656 De
1421 1610 1576 1657 habitu
1597 1624 1640 1657 et
1659 1612 1933 1658 ornamentis
1952 1603 2136 1657 Pontifi-

187 1705 292 1735 cum
314 1685 548 1734 Gutherius
573 1686 708 1747 [729.
730 1681 786 1728 de
806 1683 903 1726 iure
926 1676 1186 1732 Pontificio,
1224 1693 1333 1725 tom.
1361 1696 1401 1735 ς.
1427 1678 1730 1742 Graeuiipag.
1754 1685 1814 1738 58
1838 1676 1898 1740 sq.
1952 1674 2133 1722 Gabino

190 1758 282 1803 ritu
301 1751 511 1801 succinffl
532 1749 793 1798 sacerdotes.
847 1747 1069 1794 Columna
1090 1746 1283 1792 Traiana
1313 1763 1357 1795 n..
1375 1753 1455 1804 63.
1481 1751 1536 1796 68
1563 1760 1606 1790 et
1635 1754 1742 1804 189.
1817 1747 1887 1791 De
1913 1743 2025 1789 limo
2056 1757 2135 1805 po-

187 1839 363 1889 parum.
396 1819 506 1868 ibid.
538 1837 581 1866 n.
611 1834 693 1880 7²·
763 1819 833 1862 De
861 1813 1057 1862 vestibus
1091 1811 1343 1867 nobilium,
1398 1812 1665 1873 Tiraquellus
1704 1809 1781 1856 lib.
1816 1811 1868 1858 de
1900 1806 2136 1858 nobilitate
2222 1824 2239 1828 “

188 1907 289 1956 pag.
317 1898 414 1950 564
434 1884 495 1949 sq.
567 1889 638 1932 De
659 1882 853 1931 vestibus
878 1880 1114 1929 seruorum
1135 1880 1287 1946 Lipsius
1307 1877 1383 1924 lib.
1412 1892 1450 1925 1.
1473 1867 1666 1924 Elegio'r.
1694 1880 1786 1942 ca‘p.
1803 1880 1982 1942 25.-qui
2002 1878 2136 1923 etiam
2224 1881 2235 1893 ‘

190 1959 275 2006 alia
299 1956 354 2002 de
375 1953 568 2001 vestibus
589 1952 750 1998 eodem
772 1950 891 1995 libro
925 1966 1016 2013 cap.
1049 1964 1118 2007 13.
1144 1962 1186 1993 et
1215 1947 1374 1993 Coelius
1396 1945 1657 2009 Rhodtginus
1677 1949 1794 1991 XVI.
1825 1961 1880 1994 ιο
1901 1944 1962 2011 sq.
1983 1944 2137 1992 leffio-
2232 1952 2239 1981 ἴ

191 2042 304 2076 num
327 2025 625 2085 antiquarum.
696 2021 890 2063 Lazarus
907 2014 1080 2078 Bayfius
1101 2014 1157 2061 dc
1179 2030 1227 2060 re
1251 2011 1474 2067 vestiaria,
1512 2011 1640 2060 Paris.
1669 2029 1811 2071 1549.
1833 2030 1877 2072 4.
1958 2000 2138 2061 Th'eodo-
2228 2016 2231 2017 ⁷

189 2110 271 2142 rus
288 2094 541 2155 Zwingerus
572 2089 620 2133 in
657 2086 834 2131 theatro
865 2085 982 2129 vitae
1016 2083 1236 2140 humanae
1270 2096 1380 2126 tom.
1403 2094 1446 2129 2.
1479 2097 1579 2145 pag.
1608 2093 1706 2142 435
1735 2077 1796 2144 sq.
1867 2079 2068 2129 vestium
2094 2095 2136 2128 et

194 2172 569 2209 ornamentorum
596 2152 888 2201 muliebrium
911 2149 1255 2212 generaprdine
1286 2149 1536 2195 litterarum
1559 2146 1843 2214 persequitur
1855 2150 1983 2197 idem
2014 2152 2138 2195 Tira·

193 2230 352 2293 quellns
391 2225 467 2272 lib.
509 2224 565 2270 de
604 2224 702 2268 iure
742 2218 1000 2268 connubiali
1039 2235 1139 2282 pag.
1173 2230 1232 2274 52
1263 2212 1323 2280 sq.
1394 2218 1511 2264 Vide
1545 2232 1588 2264 et
1623 2215 1780 2263 Isidori
1823 2215 1955 2282 Hisp.
1988 2218 2139 2278 Origi-

193 2314 271 2344 nes
296 2296 411 2342 XIX.
434 2307 496 2354 30
517 2286 579 2355 sq.
600 2305 643 2337 et
673 2290 727 2336 de
755 2285 949 2335 iocalibus
973 2287 1099 2333 Petri·
1121 2284 1308 2332 Mulleri
1330 2287 1422 2331 ICti
1453 2282 1815 2333 dissertationem.
1885 2289 1954 2332 De
1976 2287 2139 2331 Rotna-

193 2379 363 2414 norum
383 2362 493 2407 luxu
518 2361 565 2405 in
591 2356 786 2405 vestibus
804 2355 987 2421 prolixe
1010 2349 1202 2418 disputat
1213 2354 1448 2400 Stanislaus
1466 2352 1785 2402 Kobierzichius
1804 2354 1923 2402 libro
1949 2353 2004 2399 de
2024 2352 2135 2399 luxu

193 2433 507 2479 Romanorum
532 2442 660 2473 tomo
685 2434 724 2483 8.
746 2421 938 2472 thesauri
961 2423 1227 2474 Graeuiani,
1259 2437 1302 2469 et
1321 2422 1563 2487 Augustinus
1584 2423 1786 2483 Nadalizts
1808 2425 1855 2470 in
1879 2419 2140 2468 dissertatio·
2202 2445 2225 2452 »-

195 2499 333 2549 ne'de
351 2498 459 2544 luxu
482 2493 755 2542 feminarum
779 2496 1081 2539 Romanarum
1105 2487 1326 2553 sigillatim
1356 2492 1402 2536 in
1423 2489 1640 2545 vestibus,
1673 2480 1834 2537 inserta
1851 2504 1960 2536 tom.
1982 2503 2023 2546 5.
2045 2504 2138 2535 me-

199 2581 314 2614 mor.
346 2565 463 2616 acad.
496 2560 868 2631 inscriptionum,
913 2576 1015 2628 pag.
1038 2574 1153 2626 297.
1183 2558 1291 2612 edit.
1318 2555 1564 2627 Hagenfis,
1600 2573 1643 2613 et
1675 2559 1768 2612 eius
1801 2573 1927 2624 oper.
1957 2571 2067 2606 tom.
2098 2574 2136 2606 ι.

199 2647 298 2701 P'g·
322 2646 368 2692 9·
1735 2658 1739 2659 ⁷

1962 2762 2043 2819 111.
2064 2763 2139 2815 'De
