2263 3027
188 144 283 205 748
710 186 713 187 f
851 129 1005 186 CAP.
1042 131 1154 184 xv.
1236 131 1518 186 POENAE

183 261 404 327 lapidatos
424 255 659 324 postquam
680 257 769 305 hoc
793 254 1067 323 supplicium
1088 253 1395 312 sustinuissent,
1420 257 1633 323 deinceps
1653 253 1783 305 fuiss'e
1807 258 1938 306 ctiam
1959 256 2131 326 suspen·

182 326 275 382 sos,
325 345 417 374 non
440 345 494 373 ex
520 327 637 374 collo
659 326 868 389 quidem,
905 323 982 372 sed
1002 340 1270 390 exrvtroque
1299 326 1509 381 brachi0‚
1550 343 1635 390 qua
1666 327 1721 373 de
1749 344 1798 374 re
1820 330 1930 374 Rev.
1953 344 2133 392 quoque

182 393 384 443 Dass‘ouii
416 392 509 442 diff.
533 392 804 442 consulenda
830 392 890 441 est
922 394 1039 440 edita
1060 394 1242 443 Witteb.
1272 402 1406 458 ¹694.
1441 395 1496 441 de
1531 391 1766 458 suspendio
1797 396 1998 442 hominis
2027 396 2134 460 lapi-

184 464 317 511 dibus
340 463 504 509 obruti.
572 460 876 511 Conferantur
896 476 1077 525 quoque
1097 462 1339 509 Menochius
1358 463 1414 509 de
1434 461 1624 526 Republ.
1651 461 1966 510 Hebraeorum
1990 463 2063 510 lib.
2091 471 2133 518 8.

183 548 218 580 c.
248 551 289 581 2.
312 547 385 596 qu.
404 548 444 595 3.
468 547 511 577 et
532 533 725 596 Sigonius
745 530 820 576 lib.
846 537 885 576 6.
908 547 940 576 c.
966 537 1010 587 8.
1078 533 1147 577 De
1166 530 1440 595 lapidatione
1460 534 1639 576 Heinius
1659 533 1703 576 in
1724 547 1843 577 noua
1867 529 2133 578 collessione

183 602 418 647 variorum
439 597 734 663 scriptorum,
772 595 913 645 fascic.
935 612 980 646 1.
996 614 1097 663 pag.
1121 612 1223 648 ¹02.
1249 597 1330 644 vbi
1353 598 1570 644 nonnulla
1593 614 1748 645 contra
1769 615 1993 662 receptam
2017 617 2040 644 a
2062 601 2133 644 Iu·

183 668 303 716 daeis
325 664 586 713 sententiam
613 681 894 714 monenturs
942 668 998 712 Io.
1022 665 1210 730 Gothos?
1234 665 1464 731 Schuparti
1488 662 1728 712 dissertatio
1751 665 1806 713 de
1827 667 1988 714 ritibus
2021 666 2134 730 lapi-

186 735 378 782 dationis
400 735 731 785 Hebraeorum.
810 738 902 781 Nic.
923 735 1112 799 Koeppen
1127 750 1175 780 et
1205 735 1265 780 Io.
1287 734 1416 781 Mich.
1439 736 1630 781 Lorentz
1653 735 1708 781 de
1740 732 1961 800 supplicio
1992 734 2134 781 Acha-

183 805 233 851 ni
254 804 308 849 ad
329 801 411 848 Ios.
439 804 542 851 VII.
571 817 656 862 24-
677 810 749 851 26.
773 800 1041 867 Gryphisw.
1083 814 1222 860 1710.
1253 816 1295 848 et
1318 803 1609 862 Argentorati
1638 817 1775 865 1735.
1844 806 1958 849 ioan.
1979 800 2131 849 Reinh.

181 873 299 934 Rufii
322 871 377 918 de
406 870 678 936 lapidatione
699 870 926 934 Stephani.
954 871 1080 917 lenae
1106 884 1247 932 1709.
1317 872 1506 916 Frieder.
1534 872 1688 936 Siegfr.
1713 874 1861 936 Ringii
1884 871 1939 918 de
1969 869 2133 934 lapida-

182 941 308 986 tione
342 939 678 987 Hebraeorum.
723 934 930 983 Francof.
980 944 1119 999 1716.
1188 938 1401 983 friderici
1433 940 1550 983 Imm.
1587 940 1823 987 Schwarzii
1860 938 2133 1000 martyrium

182 1008 399 1071 Stephani
424 1024 446 1053 e
469 1004 700 1053 Pandeffis
722 1004 1039 1051 Hebraeorum
1063 1002 1341 1050 illustratum.
1364 1000 1548 1052 Witteb.
1577 1016 1715 1066 1756.
1783 998 1977 1052 Martiizi
1997 1002 2133 1051 Iacobi

182 1076 365 1121 Ounami
393 1072 598 1120 dissertat.
632 1074 686 1120 de
717 1072 828 1118 diris
851 1069 1117 1132 sanguinum
1148 1075 1187 1110 13
1208 1073 1254 1118 in
1278 1072 1522 1137 lapidatum
1548 1071 1771 1119 deriuatiS.
1795 1074 1964 1120 Kilonii
1991 1087 2133 1134 1705.
2160 1104 2167 1106 >

181 1143 465 1207 Supplicium
489 1143 631 1187 crucis
650 1140 767 1204 apud
790 1139 973 1192 Iudaeos
994 1140 1050 1184 -in
1075 1134 1153 1183 vsu
1179 1135 1308 1184 fuisse
1339 1139 1620 1186 contendunt
1643 1142 1858 1191 Batonius
1884 1156 1928 1188 et
1948 1140 2134 1204 quidam

182 1210 280 1264 alii,
320 1212 452 1257 etiam
487 1213 538 1255 D.
563 1209 791 1268 Georgius
814 1207 1027 1253 Moebius
1060 1206 1082 1254 ἑ
1110 1209 1369 1273 μακαρίτης
1390 1206 1601 1268 singulari
1621 1206 1922 1257 differtatione
1954 1223 1997 1255 et
2020 1212 2051 1254 I.
2074 1211 2132 1256 G.

182 1278 239 1325 de
263 1275 512 1341 Chaufepie
536 1278 582 1321 in
607 1273 908 1322 differt-atione
939 1275 994 1322 de
1026 1270 1247 1340 supplicio
1282 1279 1425 1323 crucis
1445 1275 1563 1339 apud
1588 1275 1823 1322 Hebraeos
1860 1291 2032 1323 veteres
2053 1274 2134 1322 vsi-

181 1360 272 1393 tato
302 1342 380 1391 sub
413 1342 763 1409 praesidio'Alb.
794 1343 1030 1396 Schultens
1064 1346 1420 1407 Franeq.·1721.
1452 1343 1622 1397 habita,
1659 1360 1702 1391 et
1732 1340 1879 1390 recusa
1901 1347 2059 1390 Tomo
2089 1359 2134 1390 2.

182 1410 312 1461 Misc.
333 1410 759 1476 Duisburgenfium,
801 1429 844 1477 p.
876 1426 967 1473 401
995 1408 1089 1475 sqq.
1126 1408 1200 1458 sed
1227 1428 1391 1473 negant
1422 1409 1587 1458 regnas
1611 1429 1712 1458 cum
1736 1412 1959 1475 Scaligero
1982 1408 2134 1458 Casan·
2221 1407 2229 1413 ’

183 1480 333 1528 bonus
368 1483 547 1528 exercit.
585 1489 657 1530 16.
693 1481 746 1527 ad
779 1482 1020 1528 Baronium
1056 1496 1148 1544 cap.
1179 1497 1258 1541 77.
1332 1484 1391 1526 H.
1418 1481 1631 1544 Kipping.
1662 1483 1816 1527 Exere.
1852 1496 1890 1526 2.
1923 1479 1978 1526 de
2002 1494 2133 1527 cruce

188 1550 365 1613 aliique.
435 1553 505 1595 De
535 1565 680 1613 poena
712 1551 838 1595 exitii
867 1545 940 1595 seu
965 1548 1123 1593 excidii
1144 1582 1154 1601 ‚
1195 1547 1338 1595 codex
1357 1548 1653 1594 Talmudicus
1672 1558 1865 1606 ΠἹΠἯΞ
1888 1551 1945 1593 Τ.
1962 1562 2002 1606 5.
2025 1547 2133 1595 edit.

186 1615 537 1665 Surenhufianae
558 1634 603 1682 p.
629 1625 739 1680 236.
818 1614 946 1663 Isaaci
968 1608 1257 1663 Abarbanelis
1283 1613 1374 1661 diff.
1397 1617 1445 1661 in
1470 1619 1612 1663 Num.
1629 1619 1724 1662 XV.
1752 1633 1825 1677 30.
1851 1619 2029 1661 Comm.
2050 1612 2136 1662 fol.

188 1698 287 1743 230
307 1682 399 1749 sqq.
420 1686 632 1732 editionis
656 1683 854 1748 Baffiiiys
879 1701 1012 1749 quam
1035 1683 1170 1731 latine
1195 1682 1450 1733 Buxtorfius
1472 1684 1524 1730 ad
1547 1684 1711 1733 calcem
1742 1682 2054 1730 differtationis
2073 1682 2131 1729 de

186 1749 462 1816 sponsalibus
484 1770 527 1800 er
548 1754 767 1800 diuortiis.
800 1751 915 1800 ssafil.
956 1755 1096 1813 1652.
1121 1770 1165 1810 4.
1194 1753 1365 1800 adiecit.
1393 1767 1436 1798 et
1458 1755 1576 1798 Ioan.
1607 1753 1689 1796 Ad.
1711 1750 1942 1796 Scherze'ri
1965 1746 2128 1796 dissert.

186 1820 242 1866 de
261 1830 368 1873 ΠἾΞ
392 1821 674 1873 Iudaeorum.
710 1818 826 1887 Lips.
867 1829 1008 1878 1657.
1077 1824 1147 1866 De
1177 1819 1475 1880 flagellatione
1505 1823 1549 1856 14
1577 1815 1665 1865 siue
1693 1814 1980 1879 fustigatione
2008 1817 2129 1879 apud

184 1888 372 1934 Iudaeos
395 1890 483 1948 agit
503 1892 772 1952 Campegius
800 1890 1007 1949 Vitringa
1038 1889 1085 1933 in
1111 1883 1483 1950 Archisynagogo
1514 1901 1605 1949 cap.
1641 1891 1695 1933 16
1722 1881 1782 1947 sq.
1865 1887 1925 1929 [0.
1955 1881 2129 1944 Wulfef

182 1971 258 2002 rus
290 1955 342 2001 ad
377 1953 608 2001 trathtum
643 1956 963 2002 Talmudicum
995 1954 1247 2010 Shekalim‚
1290 1970 1390 2016 pag.
1423 1966 1511 2000 120
1537 1950 1599 2016 sq.
1633 1987 1642 1993 .
1666 1952 1879 1998 Matthias
1908 1953 2130 1998 Zimmer-
2215 1983 2220 1986 -

183 2039 373 2069 mannus
402 2039 445 2087 p.
469 2039 568 2086 407
591 2019 647 2085 sq.
680 2021 859 2068 male&
938 2020 1172 2068 Christian.
1194 2021 1535 2081 Schoettgenius
1559 2020 1656 2066 Volv
1694 2035 1728 2066 1.
1753 2023 1915 2066 Hor-ar.
1952 2018 2129 2066 hebrai·
2206 2066 2217 2077 ,

182 2107 264 2137 car.
299 2107 339 2155 p.
360 2105 472 2150 714.
541 2093 659 2145 Ioau.
686 2087 959 2136 Leusdenius
990 2089 1148 2135 Philol.
1173 2087 1522 2134 Hebraeomixti
1556 2084 1648 2133 diff.
1680 2102 1760 2150 49.
1831 2084 2127 2149 Lightfootus

179 2159 234 2210 de
258 2155 506 2204 ministerio
541 2159 697 2221 templi
729 2175 762 2203 c.
800 2173 832 2203 1.
857 2153 956 2202 sest
985 2174 1020 2214 3.
1042 2161 1072 2202 Ι.
1099 2161 1138 2203 Β,
1165 2157 1442 2220 Carpzouius
1473 2155 1526 2201 ad
1554 2155 1815 2202 Schickardi
1837 2158 1910 2201 Ius
1931 2157 2128 2217 Regium
2220 2153 2242 2198 τ’

175 2243 222 2291 p.
255 2241 341 2284 143
367 2241 408 2271 et
441 2239 547 2287 ¹55.
615 2229 768 2272 Petrus
788 2227 984 2270 Zornius
1012 2226 1057 2270 in
1087 2221 1269 2270 Musaeo
1292 2222 1514 2270 Bremenfi
1534 2227 1593 2270 T.
1619 2240 1660 2269 2.
1681 2240 1780 2287 pag.
1806 2231 1912 2282 331.
1933 2237 1976 2268 et
1997 2226 2054 2272 T.
2082 2237 2126 2273 2.
2204 2255 2216 2260 -

178 2291 340 2357 Opusc.
372 2289 475 2339 sacr.
509 2310 552 2357 p.
581 2307 672 2351 312
697 2290 756 2355 sq.
830 2294 944 2338 ioan.
971 2294 1262 2356 Hilppertus,
1300 2308 1342 2337 et
1374 2292 1587 2354 Aegidius
1608 2292 1864 2338 Strauchius
1883 2292 1931 2337 in
1960 2287 2125 2339 differt.

179 2361 234 2408 de
255 2363 342 2412 ritu
365 2358 620 2425 flagellandi
641 2361 760 2429 apud
789 2360 987 2408 Iudaeos.
1018 2359 1209 2408 Helmst.
1247 2363 1370 2421 1652
1405 2375 1447 2408 et
1473 2358 1656 2410 Witteb.
1695 2362 1838 2421 1668.
1906 2354 2031 2422 Casp.
2054 2361 2135 2418 Saf

1955 2427 2123 2488 gittarii

238 2564 269 2589 ³3
300 2561 355 2600 '1³2'
377 2556 473 2610 ἒὶιμοι
497 2563 608 2602 οἰωνοῦ
631 2565 683 2602 ἐπ’
703 2563 819 2602 ἀντ-δν.
880 2563 979 2603 Vide
1002 2563 1231 2615 Interpretcs
1252 2561 1298 2602 ad
1322 2561 1460 2602 Matth.
1483 2560 1645 2602 xxvu.
1668 2569 1732 2614 Ως.

238 2618 273 2647 ’⁴
304 2616 360 2653 De
387 2620 585 2657 cruciariis
612 2621 737 2673 (apud
762 2622 979 2669 Romanos)
1012 2631 1212 2671 antequam
1247 2619 1284 2658 in
1315 2632 1463 2663 crucem
1497 2619 1722 2657 tollerentur
1748 2613 1796 2654 ad
1819 2614 2039 2657 columnam
2059 2615 2124 2656 fla-

177 2670 323 2720 gellatis
361 2671 447 2709 vide
475 2675 651 2715 Grotium
686 2687 721 2717 et
752 2676 843 2714 alios
879 2677 1099 2722 interpretes
1132 2675 1177 2713 ad
1214 2673 1350 2715 Matth.
1392 2673 1549 2713 xxvn.
1595 2683 1642 2734 19
1673 2679 1709 2709 et
1742 2670 1808 2712 26.
1868 2671 2122 2723 Kippingium

178 2725 312 2764 Exere.
337 2726 384 2763 V.
407 2725 453 2763 de
474 2729 613 2774 Cruce,
644 2731 941 2770 Tillemvmtium
965 2733 1091 2771 'romu
1117 2742 1150 2771 1.
1177 2744 1338 2769 memor.
1373 2728 1466 2768 Hiss.
1497 2727 1629 2771 Ecclel.
1654 2739 1737 2778 pag.
1758 2727 1821 2780 64-
1879 2725 2126 2766 pem-sunium

179 2779 228 2819 ad
245 2779 477 2883 8symbolum
501 2783 674 2836 Apostoli
703 2798 793 2838 pag.
822 2797 901 2839 359
920 2786 971 2839 sq.
994 2787 1087 2830 edit.
1108 2787 1261 2827 Latinae
1288 2798 1324 2828 et
1346 2783 1563 2826 Gretserum
1585 2781 1654 2822 lib.
1678 2793 1716 2827 1.
1740 2780 1927 2836 depcruce
1954 2796 2038 2837 capa
2058 2792 2122 2825 1ο.

179 2844 218 2876 et
273 2846 309 2887 4.
