2263 3027
761 2 1321 100 ECCLESIASTlcaz
1342 96 1349 105 μ,
1912 63 2000 113 575

71 169 158 222 Alb.
178 163 812 218 Frickffvdiffertationes'duas
831 164 957 232 Lips.
985 178 1108 229 1737
1128 182 1175 216 et
1199 180 1290 230 173
1299 175 1342 226 8.
1366 166 1517 225 editas.
1582 171 1661 218 De.
1677 168 1843 219 libellis
1858 173 2003 235 pacis,

71 239 150 303 qui
167 236 296 304 lapsis
318 237 550 295 dabantur,
566 234 748 287 consule
757 239 809 288 F.
821 239 867 284 B.
888 237 1144 283 Ferrarium
1159 237 1214 285 de
1230 235 1402 301 epistol.
1416 235 1650 287 Ecclefiast.
1662 254 1706 303 p.
1727 254 1785 298 19
1798 254 1811 287 ι
1824 278 1831 286 .
1845 254 1887 286 et
1900 242 1932 287 Ι.
1946 246 1998 287 Α.

70 304 226 372 spiefii
237 303 328 353 diff.
341 303 524 354 Altorfii
543 322 559 352 ι
571 320 682 368 74ς.
692 303 958 365 euulgatam.
968 306 1128 351 >Canon
1144 323 1165 352 1
1180 320 1219 365 3.
1252 306 1482 353 Nicaenus
1493 307 1667 354 nemini
1688 308 1736 354 in
1747 307 1874 354 exitu
1884 309 2002 356 vitae

71 375 287 421 viaticum
309 375 480 439 petenti
501 371 757 435 negandum
777 368 864 418 effe
880 369 1123 427 constituit,
1142 373 1270 420 aliter
1285 389 1420 438 quam
1439 373 1670 422 decretum
1689 371 1835 422 fuerat
1851 376 1904 422 in
1925 379 2002 422 Ca*

70 440 269 488 nonibus
293 441 488 490 Concilii
509 439 728 487 Eliberini
745 438 872 503 quod
892 445 943 486 A.
956 441 1008 487 C.
1027 454 1133 500 303.
1154 439 1428 505 celebratum
1445 438 1530 489 else
1550 442 1785 490 contendit
1805 440 2001 489 illustris«

67 505 202 555 fimus
225 511 419 571 Aguirre
435 511 591 556 Tomo
613 522 656 552 2.
678 505 853 557 Concil.
875 503 1118 571 Hispaniae
1138 524 1182 572 p.
1207 515 1253 564 8.
1288 507 1469 557 Constat
1488 525 1638 558 tamen
1659 525 1703 558 et
1722 511 1825 566 hoc,
1840 523 2007 571 graues.

65 591 339 640 peccatores,
354 574 387 623 fi
405 572 507 641 'post
526 571 780 621 exhibitum
797 574 1015 621 viaticum
1042 575 1210 622 iterum
1229 574 1614 635 reconualuissent‚
1637 594 1732 626 non
1750 579 1871 625 inter
1892 575 2002 635 fide·

60 643 129 702 les
147 641 290 690 statim
314 655 611 708 computatos,
634 638 712 688 sed
733 643 851 689 inter
872 643 1158 706 poenitentes
1177 642 1328 690 denuo
1348 642 1537 692 reiesskos
1559 659 1691 711 atque
1709 645 1766 693 ad
1785 642 1939 709 ςυγνὲν
1951 643 1998 685 4⁶

62 708 202 773 βῆμα
222 710 312 758 fiue
329 711 572 772 μετανοίας
592 706 753 776 χῶραν
774 706 976 756 detrusos
997 710 1163 757 iterum
1184 707 1328 758 fuiffe.
1371 717 1490 761 Ante
1519 716 1794 761 Montanum
1823 728 1868 761 et
1897 716 2000 760 No.

65 780 292 833 uatianum
310 777 547 840 rigidiores
565 777 869 841 poenitentiae
882 774 1106 826 dostoreS.
1145 778 1252 826 vide
1262 779 1540 828 Cotelerium
1551 780 1604 829 ad
1616 784 1680 829 Co
1688 779 1854 830 nstitut.
1874 785 1996 845 Apo·

64 843 205 894 stolic.
227 848 282 899 ΙΙ,
307 859 381 902 14.
399 848 460 893 T.
480 859 518 891 1.
537 846 651 894 Patr.
674 842 976 910 Apostolicor.
1003 860 1109 909 pag.
1128 858 1242 895 222.
1296 849 1550 910 Nunquam
1577 864 1688 896 vero
1719 849 2003 912 poenitentia.

63 912 244 977 publica
253 910 398 960 eidem
418 912 600 959 homini
617 908 753 977 super
773 926 955 977 peccato
974 913 1170 977 repetito
1188 912 1264 960 bist
1280 911 1493 968 concess'a,
1510 914 1568 962 de
1580 931 1672 979 quo
1695 916 1817 963 idem
1832 916 1994 977 Aguir-

63 992 114 1027 re
130 982 190 1026 T.
216 993 263 1032 2.
279 995 382 1044 pag.
409 989 500 1040 358
515 976 608 1043 sqq.
643 994 690 1027 et
709 979 769 1026 de
785 981 948 1051 poenis
965 976 1241 1045 relapsorum
1264 996 1409 1046 p.377
1424 978 1517 1046 sqq.
1535 998 1583 1029 et
1600 982 1659 1031 de
1679 980 1807 1048 lapfis
1828 984 1875 1033 in
1895 999 1998 1047 pec·

62 1060 211 1094 catum
227 1050 374 1094 carnis
391 1045 491 1113 post
510 1044 797 1111 baptismum,
818 1063 877 1095 ne
894 1047 1178 1102 ordinentur,
1203 1064 1278 1096 aut
1297 1065 1355 1096 ne
1377 1048 1689 1098 administrent
1707 1050 1889 1098 ordines
1909 1051 1998 1098 iam

61 1111 285 1178 susceptos
307 1131 405 1179 pag.
432 1121 526 1175 589
545 1112 646 1179 sqq.
676 1129 721 1162 et
743 1115 907 1162 Clerici
926 1116 1183 1180 quicunque
1204 1119 1252 1164 in
1281 1116 1512 1181 publicam
1537 1120 1865 1183 poenitentiam
1889 1119 1998 1165 inci-

61 1178 235 1238 diss‘ent,
264 1197 350 1246 per
366 1196 510 1228 totam
529 1183 673 1229 vitam
692 1200 718 1229 a
739 1182 861 1230 clero
880 1183 1060 1230 exulare
1079 1181 1176 1230 iuffi
1197 1181 1312 1239 sunt,
1333 1201 1431 1232 non
1448 1182 1553 1233 sane
1574 1185 1633 1233 ob
1653 1187 1997 1251 poenitentiam.

61 1246 137 1295 sed
163 1247 222 1294 ob
245 1262 373 1295 atrox
390 1249 566 1296 crimen
581 1246 834 1297 confessum
853 1249 1193 1315 publicumque,
1202 1253 1328 1299 cuius
1338 1250 1474 1300 caussa
1482 1254 1789 1317 poenitentiae
1803 1251 1998 1300 obnoxii-

64 1312 258 1362 fuerant.
322 1315 442 1361 Vide
464 1315 621 1361 Nicol.
640 1318 931 1362 Comnenum
949 1333 1049 1380 pag.
1070 1333 1185 1373 209.
1201 1333 1406 1382 praenot.
1430 1318 1855 1382 mystagogicarum.
1894 1323 1998 1367 Nec
2049 1357 2051 1360 v

61 1379 303 1428 iuuenibus
321 1380 421 1429 data
435 1379 809 1446 poenitentiased
825 1382 990 1429 ⁴adultis
1008 1396 1205 1438 tantum,
1235 1400 1386 1448 neque
1414 1387 1668 1447 coniugatis
1696 1384 1778 1433 nisi
1805 1403 1861 1435 ex
1888 1402 1996 1434 con-

59 1445 186 1495 sensu
203 1449 419 1513 partium,
436 1448 553 1496 adde
574 1449 718 1496 Baluz.
733 1450 791 1496 ad
812 1449 1050 1497 homiliam
1071 1462 1116 1500 2.
1137 1448 1326 1498 Caesarii
1348 1451 1612 1500 Arelatensis
1623 1456 1768 1503 Tom.
1782 1466 1860 1513 27.
1881 1453 1997 1503 Bibl.

56 1517 239 1562 Patrum
262 1531 365 1580 pag.
389 1531 500 1580 34¹·
536 1518 600 1562 Ita
616 1530 664 1563 et
681 1514 878 1563 feminae
894 1517 951 1563 ad
970 1518 1293 1581 poenitentiam
1314 1517 1547 1575 admissae,
1563 1535 1614 1567 vt
1632 1521 1754 1570 idem
1770 1522 1828 1569 ad
1846 1521 1998 1569 homi·

58 1582 166 1629 liam
194 1598 233 1632 1.
256 1598 303 1646 p.
319 1597 430 1643 340.
446 1582 594 1630 docet.
627 1587 698 1630 De
716 1584 995 1648 poenitentia
1017 1581 1192 1648 relapso
1212 1586 1261 1631 in
1279 1584 1480 1633 haeresin
1509 1587 1717 1651 impolita
1747 1589 1853 1636 vide
1873 1592 1997 1636 Mar·

53 1662 160 1697 tene
180 1652 215 1696 I.
236 1649 510 1698 Anecdotor.
538 1667 587 1713 p.
615 1665 754 1713 1045.
788 1653 861 1697 De
885 1652 1166 1715 poenitentia
1182 1652 1340 1699 votiua
1360 1651 1618 1701 Salmasium
1653 1671 1756 1718 pag.
1793 1659 1901 1713 526.
1936 1656 1998 1704 de

57 1732 202 1768 corna.
242 1717 370 1763 Varii
391 1732 536 1781 porro
555 1718 861 1780 poenitentiae
878 1717 1044 1779 gradus
1056 1722 1109 1759 4⁷
1129 1733 1255 1766 erant
1278 1720 1368 1767 iam
1386 1735 1489 1768 ante
1509 1721 1768 1769 Concilium
1792 1727 1994 1787 Ancyra-

50 1798 166 1832 num
183 1787 240 1834 A.
250 1786 305 1833 C.
320 1798 346 1846 3
359 1788 448 1848 14<
458 1782 735 1832 celebratum
752 1782 834 1833 vsu
856 1788 1039 1851 recepti,
1063 1790 1149 1852 per
1169 1803 1299 1851 quos,
1317 1788 1365 1835 in
1381 1789 1574 1837 crimina
1583 1788 1779 1857 prolapsi
1803 1788 1836 1839 fi
1858 1788 1995 1840 seriae

1106 1857 1181 1902 Cc
1218 1871 1276 1903 cc
1313 1870 1345 1905 2
1839 1875 1997 1908 emen·

108 1956 151 1989 ⁴⁶
178 1957 283 2000 Vide
301 1957 353 2000 de
367 1958 442 2001 hac
459 1973 554 2003 voce
566 1959 830 2005 casaubonum
840 1964 883 2005 in
894 1962 1188 2008 Casaubonianis
1213 1981 1253 2021 p.
1277 1973 1370 2020 148.

108 2017 151 2045 ⁴⁷
183 2015 285 2054 Cum
312 2014 371 2055 ‘his
399 2016 582 2068 gradibus
611 2020 870 2072 poenitentiae
901 2019 1107 2062 conferunt
1135 2024 1313 2064 nonnulli
1332 2021 1474 2078 gradus
1496 2019 1718 2066 initiationis
1738 2024 1779 2065 in
1799 2023 1996 2080 Mysteriis

54 2068 243 2136 Gentium
262 2069 312 2109 de
333 2069 472 2121 quibus
487 2072 819 2126 Olympiodorus:
845 2078 880 2114 ἒν
901 2083 972 2116 τοῖς
990 2077 1090 2133 ἱεροῖς
1110 2077 1253 2127 ἧγοῧντο
1269 2081 1338 2127 μ’ἓν
1355 2079 1394 2118 αἶ
1408 2077 1580 2131 πάνδημοι
1598 2081 1795 2134 nusi-eatur
1810 2112 1819 2130 ,
1843 2079 1918 2120 εἶτα
1936 2083 1995 2121 em*

51 2139 204 2163 vaurms
225 2123 267 2163 αἱ
285 2125 579 2179 ἆποᾷῥητὸπραι,,.
593 2129 692 2177 μετ-οἷ
717 2130 868 2177 ταῦ-τοις,
890 2135 1072 2183 cve-ozam,
1094 2136 1160 2173 ,καῖ
1177 2131 1237 2174 {ni
1253 2137 1401 2174 razna-ms
1422 2135 1585 2184 μνήσεις,
1616 2140 1648 2176 ἓν
1675 2139 1772 2175 τέλει
1802 2140 1994 2188 ἐποπτείας.

53 2180 115 2219 De
140 2179 214 2220 illis
234 2179 433 2232 Mysteriis
453 2181 638 2222 Gentium
660 2184 814 2226 videndi
836 2189 889 2228 l-o.
918 2188 1100 2230 Filesacus
1121 2191 1189 2230 lib.
1211 2204 1245 2232 2.
1266 2191 1476 2230 eleaonum
1493 2205 1533 2243 p.
1555 2202 1572 2231 1
1586 2203 1633 2244 13
1654 2190 1708 2243 sq.
1741 2191 1993 2232 Io.Meursius

53 2233 156 2275 libro
175 2233 223 2275 de
244 2234 440 2276 Eleusinae
460 2235 610 2278 Cereris
628 2236 748 2286 sacro,
769 2241 888 2295 Lugd.
908 2244 1034 2285 Batav.
1060 2244 1181 2297 1609,
1197 2256 1239 2296 4.
1263 2255 1302 2284 et
1323 2247 1453 2286 Tomo
1475 2257 1514 2297 7.
1546 2244 1708 2286 thesauri
1732 2246 1997 2287 Gronouiani:

53 2288 263 2349 Bullialdus
285 2289 332 2330 ad
352 2290 614 2345 Theonemp.
629 2304 708 2347 217
719 2293 773 2347 sq.
809 2298 980 2339 Petauius
999 2297 1046 2338 ad
1074 2298 1326 2338 Themistium
1347 2311 1540 2354 pag-413.
1564 2300 1658 2341 edit.
1677 2300 1883 2340 Harduini.
1915 2302 1992 2341 Pri-

53 2355 164 2386 caeus
181 2355 223 2386 ⁴et
240 2346 305 2403 alii
338 2345 387 2385 ad
408 2347 616 2399 Apuleium
636 2347 703 2389 lib.
726 2351 788 2390 Xl.
821 2351 947 2402 Miles.
980 2351 1229 2394 Casaubonus
1257 2365 1296 2394 et
1312 2353 1509 2395 Salmasius
1541 2355 1587 2394 ad
1617 2355 1805 2408 Spartiani
1830 2356 1992 2396 Hadria-
2029 2364 2033 2368 ”

53 2411 148 2440 num
167 2412 199 2440 c.
225 2412 286 2455 13.
319 2403 424 2444 loan.
449 2401 547 2442 Phil.
572 2401 772 2446 pfeifferus
790 2405 924 2448 Graec.
947 2409 1080 2461 Antiq.
1104 2423 1140 2462 p.
1164 2420 1220 2461 99
1238 2407 1319 2462 sqq.
1351 2412 1485 2450 Petrus
1505 2411 1660 2449 Halloix
1680 2410 1779 2451 T.1.
1802 2423 1886 2463 pag.
1906 2411 1992 2463 696

55 2451 204 2517 sqspfle
220 2456 307 2497 vitis
326 2458 483 2501 Parrum
504 2457 694 2502 Oriental.
717 2462 822 2502 Ioan.
840 2464 1015 2506 Salenius,
1033 2463 1076 2504 in
1101 2464 1240 2508 dissert.
1257 2466 1308 2517 de
1321 2466 1462 2518 Orgiis
1478 2464 1624 2509 Bacchi.
1657 2464 1789 2504 Helm.
1803 2465 1930 2519 1696,
1951 2472 1989 2515 8.

57 2508 256 2566 Henning.
278 2512 446 2557 Forelius
465 2512 514 2553 de
535 2513 723 2567 mysteriis
749 2514 956 2558 Eleufiniis.
987 2517 1114 2572 Vpsal.
1139 2532 1268 2573 1707,
1287 2523 1325 2566 8.
1369 2522 1500 2560 Petrus
1526 2520 1691 2559 Zornius
1720 2517 1861 2572 Opusc.
1889 2522 1990 2563 Sacr.

57 2561 108 2603 T.
123 2574 161 2605 1.
178 2579 313 2622 p.244
322 2566 404 2621 sqq.
427 2574 509 2619 289
527 2580 563 2609 et
583 2579 677 2622 297.
706 2571 811 2611 Ioan.
831 2573 921 2613 Em.
944 2574 1143 2615 Floerkius
1165 2576 1207 2614 in
1225 2574 1324 2614 libro
1341 2574 1392 2615 de
1411 2575 1572 2615 crimine
1599 2574 1870 2616 coniurationis
1890 2574 1991 2629 spiri-

55 2625 168 2658 tuum
182 2631 265 2673 cap.
280 2623 398 2671 sexto,
413 2624 521 2676 quod
540 2623 592 2664 est
611 2624 663 2665 de
688 2626 811 2680 magia
833 2628 1088 2669 caerimoniali
1117 2640 1154 2670 ct
1173 2628 1382 2682 Theurgia.
1415 2631 1523 2670 lenae
1546 2641 1648 2682 1721
1661 2656 1677 2676 ‚
1697 2641 1738 2683 4.
1765 2640 1803 2671 et
1829 2632 1994 2672 Guiliel-

54 2673 431 2737 mua-wathurtonus
452 2679 542 2723 Vol.
556 2694 590 2722 ι.
619 2681 783 2721 Diuinae
806 2682 924 2723 Molis
942 2684 1125 2724 mistionis
1145 2698 1181 2737 p.
1201 2695 1274 2738 131
1287 2695 1404 2739 -252.
1422 2685 1510 2725 edit.
1523 2685 1750 2738 anni174'2.
1768 2687 1889 2740 quiin
1903 2699 1992 2742 my·

55 2724 176 2770 fietus
191 2730 366 2784 mitatem
380 2734 456 2776 Dei
470 2744 511 2777 et
528 2737 695 2791 praemia
716 2749 759 2778 ac
777 2750 920 2793 poenas
937 2736 1089 2781 futurae
1115 2739 1217 2781 vitae
1235 2741 1402 2782 reuelata
1418 2739 1527 2783 fuisse
1547 2737 1689 2783 censet.
