2263 3027
894 90 1217 145 ΕΕΜιΝΑΕ.
1295 96 1298 100 ’
1911 100 2010 160 ⁶47

73 224 208 289 Resp.
232 234 411 288 praeter
429 235 536 286 quas
556 231 680 268 erant
702 217 833 266 etiam
853 214 1164 284 ιΞεςτιπιίπςυἰωο-οιι
1196 215 1509 266 Sacerdotibus
1535 216 1720 268 feminis
1753 214 2006 266 ministran-

74 304 164 346 tes,
198 289 436 359 οἶςήτειροω
456 305 566 355 quae
582 303 738 354 preces
758 283 1028 340 fundebant,
1042 302 1086 333 et
1107 288 1299 338 Henrici
1318 287 1480 335 Coreel
1500 285 1711 340 diss'ertat.
1730 286 1786 334 de
1805 284 2005 334 sacerdo·

71 359 194 407 tibus
217 374 427 406 veterum
446 354 721 419 virginibus,
760 351 915 402 Aboae
950 364 1102 418 1704,
1144 364 1186 412 8.
1289 352 1538 409 Sacerdotis
1586 357 1808 404 maximae
1849 355 2005 403 matris

70 429 224 476 Deum
245 443 430 490 magnae
451 425 605 473 Idaeae
625 421 936 470 et'Sacerdotis
959 426 1179 470 maximae
1211 421 1401 471 Vestalis
1427 424 1532 471 icon
1560 425 1680 491 apud
1711 424 1936 489 Sponium
1953 439 2002 490 p.

80 509 192 555 150.
216 493 347 545 Misc.
421 498 492 542 De
513 491 775 549 flaminicis,
809 488 1165 554 mulieribusque
1185 488 1301 538 sacra
1321 491 1578 541 curantibus
1605 508 1737 557 atque
1769 492 1816 538 in
1848 493 1919 538 his
1948 491 2006 540 de

75 562 334 625 virginibus
351 559 598 609 Vestalibus
622 557 752 623 plura
771 557 1010 607 Saubertus
1030 557 1110 607 lib.
1132 558 1187 605 de
1209 556 1432 608 sacrificiis
1454 578 1546 627 cap.
1560 569 1602 618 8.
1678 557 1819 607 Iustus
1830 557 2005 624 Lipfius

74 629 194 677 libro
216 631 272 678 de
291 627 419 679 Vesta
438 643 482 676 et
503 625 864 691 Vestalibus,qui
883 642 927 675 et
946 624 1181 692 separatim
1194 664 1206 683 ‚
1227 641 1358 691 atque
1377 629 1495 676 inter
1513 645 1652 694 opera
1671 626 1811 693 Lipfii
1833 625 1901 675 sae
1939 628 2008 675 ius

76 695 278 753 recusus,
312 699 359 745 in
379 699 538 761 quinto
559 697 695 742 etiam
716 692 910 743 thesauri
929 696 1173 742 Graeuiani
1191 710 1319 742 tomo
1343 697 1521 759 legitur,
1549 712 1592 744 et
1615 694 1856 761 scriptores
1872 644 2007 760 (ἔρα

72 769 452 832 cap-V111.p.338
466 764 642 815 laudati.
671 765 848 810 Praeter
867 765 1070 825 virgines
1081 761 1278 811 Vestales
1296 765 1508 830 quinque,
1523 761 2006 828 sextamqueVestalem

76 835 344 888 maximam,
377 832 433 880 de
453 831 616 896 quibus
640 828 863 878 Onufrius
884 833 1019 879 etiam
1037 845 1149 884 tom.
1179 846 1217 879 1.
1241 835 1407 880 Graev.
1429 849 1475 897 p.
1489 845 1712 895 227‚257
1736 829 1797 895 sq.
1822 829 2015 882 fuerunt·

71 902 246 948 Romae
263 918 288 948 e
305 898 488 948 feminis
511 899 724 947 Sacerdos
744 901 943 956 Cereris,
979 912 1023 946 et
1042 898 1303 963 quindecim
1326 899 1575 947 flaminicae
1594 900 1767 951 Diales,
1814 900 2011 946 totidem·

71 970 273 1031 virgines
293 966 487 1022 saliares,
525 982 568 1015 et
588 966 846 1015 Sacerdotes
873 965 1018 1014 bonae
1036 970 1180 1026 Deae,
1215 967 1499 1030 aliorumque
1519 966 1768 1014 flaminicae
1788 969 2009 1013 Deorum.

69 1036 328 1083 Flaminum
350 1051 533 1101 quoque
552 1051 717 1082 vxores
738 1034 981 1083 flaminicas
1005 1033 1143 1083 diCtas
1167 1034 1289 1082 idem
1304 1032 1527 1082 Onufrius
1545 1031 1751 1081 obseruat
1768 1049 1873 1099 pag.
1895 1033 2015 1091 219.

69 1100 287 1161 Dehisce,
306 1103 496 1169 quarum
521 1102 782 1152 Macrobius
803 1104 1067 1157 Saturnal.1‚
1098 1113 1171 1154 16.
1224 1104 1410 1150 Tacitus
1432 1101 1684 1154 Annal.IV.
1704 1109 1776 1152 16.
1834 1100 2011 1149 Gellius

69 1171 136 1219 N.
158 1175 216 1222 A.
244 1175 298 1227 X,
335 1186 410 1234 ις.
479 1171 788 1220 Tertullianus
826 1172 1004 1221 exhort.
1037 1171 1092 1218 ad
1130 1167 1370 1219 castitatem
1401 1187 1439 1221 c.
1466 1187 1538 1229 ¹3·
1564 1184 1609 1217 et
1632 1166 1865 1234 inscriptio
1884 1166 2020 1233 'apud

3 1239 8 1242 ’
71 1239 324 1287 Gruterum
342 1256 389 1303 p.
415 1252 530 1300 322.
550 1242 614 1287 N.
629 1255 673 1289 2.
696 1241 980 1288 mentionem
998 1237 1180 1293 faciunt,
1202 1236 1496 1288 conferantur
1518 1240 1642 1287 Ioan.
1663 1237 2013 1290 Conr.Schwar-

74 1306 138 1352 zii
166 1302 329 1351 dissert.
350 1306 405 1351 de
425 1305 706 1359 flaminibus,
739 1307 943 1368 Coburgi
966 1321 1099 1370 1742.
1119 1324 1222 1371 pag.
1249 1321 1327 1368 23.
1358 1320 1403 1352 et
1430 1309 1499 1354 10.
1530 1302 1732 1353 Godofr.
1762 1302 2020 1352 Bernholdi‘

76 1368 242 1418 differt.
267 1371 325 1418 de
343 1370 527 1419 flamine
547 1372 668 1417 Diali
689 1372 875 1435 eiusque
894 1373 1089 1433 coniuge
1110 1373 1359 1425 flaminica,
1396 1369 1580 1418 Altorfii
1612 1374 1749 1433 1746.
1832 1374 1904 1418 De
1938 1369 2014 1417 fla·

22 1440 26 1444 ’
74 1439 255 1491 mineo,
289 1437 415 1503 quod
436 1438 662 1487 eiusmodi
681 1436 930 1488 flaminicae
952 1437 1179 1502 gestarunt
1198 1438 1397 1498 Solerius
1419 1471 1431 1494 ,
1466 1436 1575 1492 fiue,
1612 1440 1692 1502 qui
1721 1434 1801 1484 sub
1823 1437 1912 1485 hoc
1931 1451 2013 1485 no-

75 1507 203 1552 mine
222 1505 348 1560 latet,
387 1506 679 1572 Theophilus
701 1506 969 1571 Raynaudus
990 1505 1045 1553 de
1063 1506 1188 1571 pileo
1212 1523 1313 1573 pag.
1346 1521 1452 1570 ¹40·
1535 1505 1675 1571 Apud
1695 1501 1841 1554 Persas
1861 1507 2013 1572 iseum

73 1567 317 1638 Λςτέμιὸος
346 1567 565 1626 Aveia-5805
593 1575 642 1620 in
671 1572 914 1624 Ecbatanis.
980 1573 1203 1622 Plutarch.
1226 1579 1474 1621 Artaxerxe
1493 1590 1538 1637 p.
1555 1583 1702 1633 1025.
1775 1574 1912 1638 Apud
1935 1578 2016 1620 Ar-

40 1703 45 1706 x
75 1640 209 1702 giuos
229 1639 432 1688 Phalides
454 1641 508 1688 ab
530 1639 798 1698 Adamanta,
834 1640 1072 1688 Sacerdote
1094 1638 1337 1704 Eurysthei
1358 1637 1466 1693 filia,
1502 1639 1697 1703 Syncell.
1720 1656 1790 1704 ΡΛ
1806 1655 1887 1700 72.
1928 1638 2020 1687 Sed'·

75 1706 196 1771 apud
217 1709 471 1770 Aegyptios
489 1706 596 1755 teste
627 1709 868 1755 Herodoto
895 1710 952 1762 ΙΙ,
983 1722 1056 1767 3ς.
1083 1709 1150 1754 vti
1181 1706 1416 1755 Hebraeos
1452 1723 1635 1771 quoque
1664 1720 1709 1753 et
1739 1705 2016 1754 Christianos

73 1769 272 1823 feminae
296 1774 555 1822 Sacerdotes
576 1774 739 1823 nullae.
805 1775 1076 1823 Cantricum
1099 1776 1273 1822 mentio
1294 1775 1497 1826 Nehem.
1522 1777 1625 1829 Vll,
1649 1779 1726 1836 67.
1754 1771 1828 1822 sed
1850 1775 2015 1823 docere

77 1841 128 1887 in
147 1839 334 1888 Ecclefia
353 1840 639 1907 prohibitum
657 1838 844 1889 feminis
871 1861 889 1889 1
908 1842 1154 1897 Cor.XlV,
1173 1858 1235 1908 34
1314 1839 1579 1890 Ambrosius
1603 1843 1651 1889 in
1670 1838 1870 1891 Psalm.I.
1913 1843 2018 1892 Mu-

77 1907 203 1955 lieres
224 1908 425 1973 Apostolus
444 1914 489 1957 in
506 1909 676 1971 Ecclcfia
695 1922 837 1956 tacere
864 1908 1001 1966 iubet,
1034 1910 1243 1973 Pficlmum
1260 1914 1390 1960 etiam
1405 1908 1505 1960 bene
1525 1911 1720 1959 clamant.
1787 1913 1874 1961 Hic
1903 1913 2018 1960 omm'

75 1975 208 2023 dulcis
232 1979 392 2035 aetati,
424 1976 489 2025 hic
507 1980 688 2042 wrique
704 1990 828 2046 aptus
850 1978 902 2043 est
910 1977 1052 2042 fixui.

250 2110 380 2154 VIII.
413 2112 482 2156 De
512 2110 823 2160 Sacerdotibus
851 2129 1057 2162 veterum
1090 2116 1406 2163 Romanorum
1430 2113 1531 2181 post
1556 2113 1684 2163 Fabii
1702 2111 1913 2169 Pistoris,
1946 2114 2016 2163 M.

1 2179 3 2198 l
84 2176 304 2224 Varronis
323 2175 604 2241 aliorumque
623 2176 782 2244 scripta
801 2181 1045 2247 deperdita,
1059 2181 1231 2231 consuli
1255 2181 1436 2248 poss‘unt
1453 2182 1596 2230 libelli
1618 2186 1863 2248 Pomponii
1878 2183 2015 2238 Laeti,

3 2279 5 2308 Σ
85 2243 323 2308 Raphaelis
342 2243 625 2291 Volaterrani
646 2261 688 2292 et
707 2250 898 2296 Henrici
921 2249 1088 2297 Bebelii
1110 2248 1464 2315 frequentissime
1486 2249 1655 2309 excusi,
1696 2265 1795 2297 tum
1833 2247 2019 2297 seorsim

5 2356 7 2369 k
87 2324 185 2358 tum
206 2314 250 2357 in
264 2312 604 2359 PetriScriuerii
622 2314 849 2378 republica
870 2320 1069 2364 Romana
1090 2332 1134 2363 et
1151 2319 1207 2364 ad
1227 2317 1393 2365 calcem
1415 2318 1677 2382 compendii
1699 2319 2019 2381 antiquitatum

86 2379 392 2426 Romanarum
414 2381 667 2427 concinnati
689 2399 711 2428 a
733 2383 946 2450 Philippo
976 2384 1153 2435 Caroli.
1257 2385 1458 2433 Libellus
1488 2385 1544 2432 de
1563 2384 1828 2432 Sacerdotiis
1852 2386 2018 2431 Roma-

8 2479 10 2514 3
88 2449 255 2497 norum
278 2449 355 2512 qui
377 2445 455 2494 sub
478 2449 605 2495 Lucii
623 2449 891 2502 Fenestellae
909 2450 1195 2518 antiquiffimi
1215 2450 1446 2518 scriptoris
1459 2454 1646 2500 nomine
1671 2452 1856 2517 prodiit,
1870 2449 2018 2499 austo-

9 2525 12 2585 2
89 2517 187 2562 rem
213 2515 345 2563 habet
363 2531 586 2564 recentem
609 2513 873 2582 scriptorem
897 2522 1122 2568 Andre-am
1143 2522 1449 2568 Dominicum'
1465 2520 1701 2574 Floccum,
1737 2534 1788 2567 vt
1815 2519 2041 2566 eruditos

11 2599 13 2625 ι
92 2580 429 2648 rumlconsensu
449 2584 585 2631 hodie
609 2583 788 2633 constat.
856 2591 961 2634 Prae
981 2591 1138 2636 ceteris
1162 2603 1307 2635 autem
1331 2588 1576 2649 diligenter
1597 2590 1644 2634 in
1669 2589 1757 2636 hoc
1779 2603 2016 2650 argumene

12 2660 16 2713 ᾗ
89 2661 140 2695 το
161 2649 217 2696 de
236 2652 498 2700 Sacerdotiis
516 2653 826 2700 Romanorum
847 2651 1041 2702 versatus
1064 2654 1125 2703 est
1153 2656 1422 2719 Onuphrius
1455 2656 1697 2703 Panuinius
1717 2654 2016 2720 inprioribus

14 2724 17 2782 ξ
89 2730 206 2780 145.
226 2718 441 2785 capitibus
461 2721 613 2788 operis
634 2721 849 2772 luculenti
870 2722 926 2773 de
945 2723 1123 2772 ciuitate
1144 2726 1348 2770 Romana
1378 2736 1489 2772 tom.
1508 2739 1547 2775 1.
1568 2726 1733 2774 Graev.
1761 2725 1840 2790 qui
1868 2722 2020 2772 Ponti-

1013 2808 1051 2811 ’·
1102 2787 1264 2840 ’(32
1892 2786 2018 2839 Ἠςες
