2263 3027
194 56 294 117 960
827 3 977 100 (ἐΑΡ.
1023 47 1158 98 xxi
1257 45 1513 98 ST1Lvs.

197 182 309 229 dum
340 174 750 238 obducendumque
782 169 944 238 scripta
970 174 1019 219 in
1051 174 1188 221 cereis
1223 172 1384 220 tabulis
1415 171 1723 223 adhibebatur.
1792 172 2011 234 Imagines
2041 172 2148 223 duas

194 248 284 298 stili
313 253 355 278 ¹²
377 245 602 293 veteribus
630 242 772 289 vfitati
793 240 929 289 habes
952 243 996 288 in
1009 258 1085 289 *aes
1106 237 1263 288 incisas
1282 243 1400 308 apud
1413 244 1704 290 Laurentium
1718 242 1984 303 Pignorium
2002 239 2147 289 lib.de

197 317 347 365 Seruis
376 330 421 378 p.
439 329 548 375 224.
582 312 674 359 Alii
697 308 900 357 stilorum
927 309 1026 356 loco
1050 309 1126 356 vel
1143 310 1300 357 iuncos
1325 308 1413 357 fiue
1432 311 1609 357 calamos
1630 309 1706 356 vel
1726 325 1880 375 pennas
1901 309 2052 355 auium
2074 308 2150 356 vel

196 385 394 446 denique
412 395 462 427 vt
485 381 731 427 etiamnum
763 379 882 442 apud
913 374 1116 425 Sinenses
1145 393 1378 442 receptum
1403 378 1486 435 est,
1516 378 1726 445 penicillos
1760 375 2063 424 adhibuerunt
2094 374 2180 422 ad*

197 449 496 499 scribendum.
566 443 738 493 Confer
767 446 967 497 Paullum
991 447 1184 492 Mariam
1203 448 1478 508 Terzagium
1506 448 1552 492 in
1586 443 1745 492 Museo
1778 445 2030 510 Septaliano
2050 460 2151 508 pag.

202 528 310 576 128.
367 520 437 564 De
466 515 743 563 Chaumettii
773 512 1092 567 instrumento,
1138 514 1211 560 cui
1240 514 1430 561 calamus
1458 512 1546 561 fiue
1575 530 1722 578 penna
1754 511 1784 559 fi
1810 510 2026 559 inseratur
2055 527 2154 558 mo·

181 601 356 649 ¹mento
381 582 700 631 eircumaCtum
741 582 897 629 reddet
925 598 1072 647 aptam
1102 582 1155 628 ad
1183 578 1468 629 scribendum
1497 582 1604 628 vide
1633 579 1862 627 historiam
1887 580 2152 627 Academiae

197 652 484 702 scientiarum
506 658 559 698 A.
583 665 724 713 1715.
759 666 802 713 p.
829 657 904 705 88.
975 653 1096 697 Inter
1129 649 1314 695 Dauidis
1344 650 1508 696 Clerici
1541 650 1779 696 Orationes
1813 647 1965 696 offiaua
1988 681 1998 701 ,
2033 663 2153 693 nona

196 738 243 770 et
264 722 434 767 decima
459 720 685 779 eleganter
707 714 1036 782 persequuntur
1058 717 1206 764 laudes
1228 732 1270 764 et
1291 713 1420 764 Vsum
1443 733 1629 782 pennae,
1646 718 1879 763 atramenti
1900 730 1942 763 et
1966 715 2152 769 chartae,

198 787 448 839 Amstelod.
479 794 616 843 1687.
643 794 683 840 8.
730 784 1263 834 1nIoan.I-Ienr.Ackeri
1285 786 1466 832 historia
1485 801 1734 850 pennarum
1759 801 1930 848 pennae
1949 786 2003 828 D.
2017 786 2154 840 flIoan.

201 861 358 906 Franc.
384 854 554 902 Buddei
574 850 689 899 sacra
714 851 891 899 Altenb.
928 860 1066 909 1726.
1091 859 1131 908 8.
1168 850 1338 900 curiosa
1368 853 1584 918 quaedam
1612 852 1667 901 de
1699 853 1874 901 calamis
1904 852 2157 918 pennisque

201 925 489 976 eruditorum
503 921 818 970 recentiumjn
842 922 1002 986 primis
1025 936 1280 969 occurrunt.

343 992 529 1039 Chartae
557 989 658 1034 loco
691 990 811 1053 apud
841 987 1156 1052 antiquiffimas
1186 1003 1341 1050 gentes
1372 987 1611 1052 plumbeae
1634 988 1806 1036 tabulae
1828 988 1903 1036 vel
1923 988 2055 1035 etiam
2074 985 2159 1033 alia

203 1060 388 1108 duriora
410 1057 584 1104 metalla
602 1071 645 1102 et
668 1057 835 1121 lapides
857 1059 902 1102 in
923 1054 1002 1103 vsu
1024 1055 1230 1110 fuerunt,
1268 1071 1317 1102 vt
1339 1059 1394 1102 ad
1415 1058 1611 1103 eundem
1632 1056 1731 1102 Iobi
1753 1057 1904 1102 locum
1940 1058 2055 1102 XIX.
2081 1068 2160 1117 24.

175 1131 293 1177 *iam
313 1126 492 1191 pridem
520 1140 781 1170 annotatum
808 1122 880 1170 est.
950 1120 1121 1169 Confer
1144 1124 1360 1170 Allatium
1391 1124 1445 1170 ad
1468 1125 1765 1187 Antiquitates
1790 1120 2027 1170 Hetruscas
2056 1138 2158 1186 pag.

208 1211 318 1252 127.
339 1191 397 1256 sq-
419 1209 461 1240 et
486 1193 779 1239 Laurentium
803 1191 1017 1254 Beyrling
1041 1192 1086 1237 in
1106 1192 1311 1238 Theatro
1334 1193 1462 1238 Vitae
1485 1196 1719 1238 Humanae
1740 1205 1867 1237 tomo
1888 1206 1932 1251 7.
1957 1188 2035 1236 sub
2058 1191 2161 1236 titu-

203 1263 272 1309 lo:
311 1264 520 1326 Scriptio‚
557 1258 635 1305 vbi
655 1259 988 1323 quamplurima
1009 1260 1088 1305 alia
1109 1259 1163 1306 de
1189 1255 1398 1306 vniuerso
1422 1261 1511 1306 hoc
1542 1274 1809 1320 argumento
1830 1257 2013 1305 collesta
2034 1272 2161 1321 repe·
2231 1254 2241 1292 Τ

203 1332 399 1379 riuntur.
470 1325 678 1391 SpeStant
700 1329 831 1373 etiam
853 1327 941 1372 liuc
964 1343 1074 1389 quae
1100 1327 1154 1374 de
1177 1328 1400 1374 columnis
1430 1328 1553 1373 Sethi
1586 1328 1757 1392 lapidea
1786 1342 1829 1373 et
1861 1327 2068 1377 lateritia,
2105 1324 2162 1371 de

204 1398 431 1447 columnis
452 1396 698 1450 Mercurii,
719 1410 761 1441 et
787 1396 1122 1458 Aegyptiorum
1147 1392 1348 1441 obeliscis
1370 1410 1474 1441 nota
1503 1392 1602 1440 sunt
1630 1412 1683 1441 ex
1708 1393 1922 1458 losepho‚
1951 1392 2162 1440 Diodoro

203 1466 356 1514 Siculo
385 1481 427 1511 et
445 1465 542 1510 aliis
563 1461 894 1526 Scriptoribus,
932 1462 1054 1508 vnde
1086 1478 1206 1527 patet.
1237 1461 1587 1526 antiquissimum
1619 1459 1747 1508 vsum
1781 1459 1910 1510 fuisse
1937 1460 2162 1509 columnis

201 1533 395 1599 lapideis
419 1549 488 1579 res
509 1530 826 1578 memorabiles
847 1530 1075 1576 tradendi:
1112 1531 1166 1577 de
1185 1547 1276 1595 quo
1298 1546 1427 1577 more
1448 1532 1567 1576 varia
1580 1528 1791 1591 congessit
1805 1531 1998 1577 Huetius
2021 1531 2068 1575 in
2089 1527 2162 1574 de·
2236 1578 2239 1580 ,

204 1599 534 1650 monstratione
553 1599 822 1660 Euangelica
843 1615 887 1662 p.
903 1612 980 1658 93.
996 1595 1055 1661 sq.
1078 1599 1180 1645 edit.
1205 1595 1418 1663 Lipsiens.
1446 1598 1524 1644 vbi
1552 1599 1774 1662 praeclara
1801 1599 2010 1655 inuenta,
2043 1596 2162 1657 leges

204 1683 252 1717 et
272 1669 354 1715 alia
376 1667 621 1719 eiusmodi,
660 1683 729 1713 res
754 1682 935 1730 quoque
956 1664 1092 1727 gestas
1115 1664 1378 1729 insigniores
1399 1664 1584 1731 posteris
1605 1668 1651 1712 in
1675 1666 1910 1719 columnis,
1945 1662 2072 1721 saxis,
2090 1668 2167 1725 pa·

205 1735 396 1786 rietibus
418 1751 460 1782 et
479 1734 639 1782 tabulis
660 1738 805 1782 aeneis
826 1735 1004 1780 traditas
1027 1749 1172 1789 notat,
1211 1736 1281 1782 cui
1304 1734 1415 1782 adde
1434 1737 1530 1780 Luc.
1551 1735 1803 1796 Holslem‘um
1826 1734 1878 1778 ad
1912 1733 2051 1777 vitam
2074 1733 2163 1791 Py-

163 1856 173 1857 ?
209 1803 425 1864 thagorae
445 1799 653 1866 scriptam
676 1820 697 1849 a
719 1803 981 1866 Porphyrio
1006 1819 1049 1866 p.
1082 1810 1160 1860 67.
1186 1809 1261 1856 68.
1310 1803 1595 1866 Humfredum
1615 1800 1900 1860 Prideaufium
1927 1799 1974 1843 in
2003 1798 2164 1843 limine

208 1885 424 1919 notarum
454 1869 767 1916 historicarum
789 1871 843 1916 ad
875 1871 1067 1928 epochas
1095 1887 1368 1916 marmoreas
1393 1869 1729 1915 ArundelianaS.
1778 1867 2165 1929 HermHugonem

203 1936 268 1983 de
288 1938 436 2001 prima
456 1934 679 1983 scribendi
691 1939 881 1999 *origine
913 1953 1005 1999 cap.
1028 1940 1081 1983 X.
1133 1940 1222 1983 Pet.
1235 1940 1449 1982 Holmium
1474 1935 1530 1980 de
1563 1935 1817 1999 Scriptione
1840 1949 1930 1996 cap.
1954 1946 2000 1993 4.
2063 1930 2165 1978 Tho-

210 2020 326 2052 mam
350 2005 614 2050 Gatakerum
637 2003 711 2048 lib.
728 2017 772 2052 2.
794 2004 917 2049 cinni
939 2000 1294 2053 aduersariorum
1316 2019 1407 2065 cap.
1429 2002 1592 2047 vltimo
1606 2036 1617 2054 ,
1656 2017 1699 2047 et
1711 2000 2165 2065 Georg.Ludov.Oede·
2219 2023 2233 2058 4

210 2087 314 2118 rum
333 2070 389 2118 de
407 2071 756 2135 programmatis
770 2102 781 2123 ,
818 2068 906 2116 siue
929 2066 1085 2115 edistis
1105 2083 1146 2115 et
1168 2067 1536 2132 inscriptionibus
1560 2068 1751 2132 publicis
1772 2071 2074 2119 Graecorum,
2091 2070 2165 2122 Je-

210 2155 298 2187 nae
329 2153 452 2198 1717
492 2145 531 2192 8.
572 2139 779 2183 Laminas
798 2135 1054 2200 plumbeas,
1075 2136 1238 2200 quibus
1269 2133 1554 2200 inscriptum,
1587 2136 1743 2182 videre
1762 2135 1866 2182 licet
1890 2135 1938 2182 in
1961 2135 2164 2182 Bonanni
2227 2166 2233 2174 ·

209 2203 370 2254 museo
391 2206 684 2251 Kircheriano
706 2221 749 2268 p.
773 2212 874 2259 180.
934 2204 1058 2249 Idem
1091 2220 1131 2266 p.
1155 2218 1266 2264 230.
1295 2200 1357 2267 sq.
1383 2205 1471 2265 agir
1502 2204 1555 2250 de
1577 2220 1704 2250 more
1724 2201 1947 2250 scribendi
1977 2205 2023 2250 in
2042 2204 2166 2249 foliis
2219 2243 2222 2247 .

213 2273 446 2323 arborum.
517 2274 587 2318 De
617 2288 706 2318 arte
745 2272 1057 2317 Trithemiana
1084 2268 1305 2318 scribendi
1336 2289 1418 2335 per
1451 2274 1602 2332 ignem
1640 2273 1745 2318 vide
1778 2274 1948 2334 Georg.
1979 2270 2164 2318 Wallini
2215 2287 2230 2332 j.

215 2338 593 2393 dissertationem,
619 2336 769 2404 Vpsal.
803 2347 926 2399 1728
977 2337 1269 2386 Siamenfium
1289 2340 1437 2386 charta
1457 2357 1510 2386 ex
1537 2340 1702 2386 cortice
1727 2338 1899 2386 arboris
1916 2340 2034 2406 >pliolz
2063 2341 2166 2391 ktoi.

215 2406 613 2470 Tunquinenfium
637 2424 690 2453 ex
713 2419 876 2461 corone,
909 2405 1158 2453 Sinensium
1179 2424 1233 2453 ex
1255 2409 1420 2455 cortice
1441 2409 1672 2454 arundinis
1693 2405 1781 2455 fiue
1801 2406 1972 2454 arboris
1990 2403 2165 2452 bambou

215 2472 423 2523 confesta
456 2473 515 2520 est
544 2490 585 2520 et
607 2471 735 2521 facile
766 2491 789 2520 a
816 2473 1049 2521 vermibus
1078 2473 1336 2522 corroditur
1354 2509 1364 2529 ,
1409 2476 1532 2522 vnde
1566 2472 1942 2523 Bibliothecarum
1973 2472 2199 2536 Codicesj

216 2539 407 2590 subinde
436 2542 694 2591 recentandi
718 2557 761 2590 et
794 2538 1075 2591 describendi
1101 2538 1230 2601 sunt,¹
1262 2558 1311 2591 vt
1342 2559 1488 2592 narrat
1515 2543 1630 2593 Lud.
1662 2543 1718 2592 de
1736 2539 1988 2591 Comitibus
2010 2542 2058 2588 in
2085 2556 2165 2588 no·

2095 2609 2166 2656 uis
2209 2653 2233 2671 „

224 2712 227 2714 ’
279 2708 314 2730 ¹2
346 2706 446 2746 Stilis
467 2707 663 2755 scriptoriis
673 2708 902 2762 quandoque
914 2708 1086 2749 homines
1103 2704 1261 2749 confoffi
1280 2720 1392 2763 atque
1407 2710 1626 2757 obtruncati,
1639 2707 1952 2763 thAntyllius
1961 2705 2064 2762 apud
2077 2705 2181 2747 Pla„
2194 2720 2196 2727 ·
2209 2685 2229 2696 ”l
2262 2706 2263 2720 ¹

212 2761 396 2804 sarchum
419 2763 461 2806 in
482 2764 527 2805 C.
549 2764 689 2808 Grach.
711 2780 746 2819 p.
766 2772 863 2821 840,
888 2777 924 2808 et
945 2765 1150 2808 recentiore
1168 2776 1285 2808 aetate
1306 2769 1438 2810 Scotus
1459 2767 1636 2820 Erigena.

2240 2857 2243 2861 ’
2261 2855 2263 2884 l

2261 2914 2263 2946 l

2195 2949 2263 3027 l
