<?xml version="1.0" encoding="UTF-8"?>
<!DOCTYPE html PUBLIC "-//W3C//DTD XHTML 1.0 Transitional//EN"
    "http://www.w3.org/TR/xhtml1/DTD/xhtml1-transitional.dtd">
<html xmlns="http://www.w3.org/1999/xhtml" xml:lang="en" lang="en">
 <head>
  <title>
</title>
<meta http-equiv="Content-Type" content="text/html;charset=utf-8" />
  <meta name='ocr-system' content='tesseract 3.04.00' />
  <meta name='ocr-capabilities' content='ocr_page ocr_carea ocr_par ocr_line ocrx_word'/>
</head>
<body>
  <div class='ocr_page' id='page_1' title='image "./ioalbertifabrici00fabr/ioalbertifabrici00fabr_0013.png"; bbox 0 0 2263 3027; ppageno 0'>
   <div class='ocr_carea' id='block_1_1' title="bbox 758 83 1519 174">
    <p class='ocr_par' dir='ltr' id='par_1_1' title="bbox 758 83 1519 174">
     <span class='ocr_line' id='line_1_1' title="bbox 758 83 1519 174; baseline -0.005 0"><span class='ocrx_word' id='word_1_1' title='bbox 758 83 1519 174; x_wconf 75' lang='lat' dir='ltr'><strong>PRAEFATio</strong></span> 
     </span>
    </p>
   </div>
   <div class='ocr_carea' id='block_1_2' title="bbox 177 253 2200 2833">
    <p class='ocr_par' dir='ltr' id='par_1_2' title="bbox 177 253 2200 2833">
     <span class='ocr_line' id='line_1_2' title="bbox 183 253 2129 336; baseline -0.007 -13"><span class='ocrx_word' id='word_1_2' title='bbox 183 266 313 329; x_wconf 82' lang='lat' dir='ltr'><strong>uole</strong></span> <span class='ocrx_word' id='word_1_3' title='bbox 350 261 659 329; x_wconf 85' lang='lat' dir='ltr'><strong>euolueret,</strong></span> <span class='ocrx_word' id='word_1_4' title='bbox 700 279 842 336; x_wconf 87' lang='lat' dir='ltr'><strong>quae</strong></span> <span class='ocrx_word' id='word_1_5' title='bbox 864 260 1002 316; x_wconf 89' lang='lat' dir='ltr'><strong>mihi</strong></span> <span class='ocrx_word' id='word_1_6' title='bbox 1023 257 1139 316; x_wconf 88' lang='lat' dir='ltr'><strong>vsui</strong></span> <span class='ocrx_word' id='word_1_7' title='bbox 1161 257 1331 313; x_wconf 78' lang='lat' dir='ltr'><strong>essent</strong></span> <span class='ocrx_word' id='word_1_8' title='bbox 1348 271 1651 330; x_wconf 71' lang='lat' dir='ltr'><strong>excerpens</strong></span> <span class='ocrx_word' id='word_1_9' title='bbox 1673 253 1922 330; x_wconf 82' lang='lat' dir='ltr'><strong>mihique</strong></span> <span class='ocrx_word' id='word_1_10' title='bbox 1943 253 2129 310; x_wconf 80' lang='lat' dir='ltr'><strong>libera-</strong></span> 
     </span>
     <span class='ocr_line' id='line_1_3' title="bbox 181 330 2133 415; baseline -0.009 -14"><span class='ocrx_word' id='word_1_11' title='bbox 181 343 304 402; x_wconf 84' lang='lat' dir='ltr'><strong>liter</strong></span> <span class='ocrx_word' id='word_1_12' title='bbox 348 337 709 415; x_wconf 85' lang='lat' dir='ltr'><strong>suppeditans.</strong></span> <span class='ocrx_word' id='word_1_13' title='bbox 825 335 999 411; x_wconf 83' lang='lat' dir='ltr'><strong>Qod</strong></span> <span class='ocrx_word' id='word_1_14' title='bbox 1048 336 1251 391; x_wconf 90' lang='lat' dir='ltr'><strong>amoris</strong></span> <span class='ocrx_word' id='word_1_15' title='bbox 1291 348 1456 407; x_wconf 86' lang='lat' dir='ltr'><strong>atque</strong></span> <span class='ocrx_word' id='word_1_16' title='bbox 1493 330 1912 387; x_wconf 86' lang='lat' dir='ltr'><strong>beneuolentiae</strong></span> <span class='ocrx_word' id='word_1_17' title='bbox 1952 346 2133 405; x_wconf 84' lang='lat' dir='ltr'><strong>genus</strong></span> 
     </span>
     <span class='ocr_line' id='line_1_4' title="bbox 182 404 2135 490; baseline -0.008 -15"><span class='ocrx_word' id='word_1_18' title='bbox 182 418 323 476; x_wconf 90' lang='lat' dir='ltr'><strong>mihi</strong></span> <span class='ocrx_word' id='word_1_19' title='bbox 369 413 733 490; x_wconf 80' lang='lat' dir='ltr'><strong>gratissimum</strong></span> <span class='ocrx_word' id='word_1_20' title='bbox 779 408 938 468; x_wconf 74' lang='lat' dir='ltr'><strong>fuisse</strong></span> <span class='ocrx_word' id='word_1_21' title='bbox 986 423 1046 467; x_wconf 82' lang='lat' dir='ltr'><strong>v&#39;t</strong></span> <span class='ocrx_word' id='word_1_22' title='bbox 1091 408 1384 483; x_wconf 83' lang='lat' dir='ltr'><strong>intelligat,</strong></span> <span class='ocrx_word' id='word_1_23' title='bbox 1443 407 1601 463; x_wconf 91' lang='lat' dir='ltr'><strong>omni</strong></span> <span class='ocrx_word' id='word_1_24' title='bbox 1645 405 1979 463; x_wconf 85' lang='lat' dir='ltr'><strong>contendam</strong></span> <span class='ocrx_word' id='word_1_25' title='bbox 2035 404 2135 460; x_wconf 91' lang='lat' dir='ltr'><strong>stu-</strong></span> 
     </span>
     <span class='ocr_line' id='line_1_5' title="bbox 183 479 2138 565; baseline -0.008 -15"><span class='ocrx_word' id='word_1_26' title='bbox 183 492 292 550; x_wconf 86' lang='lat' dir='ltr'><strong>dio.</strong></span> <span class='ocrx_word' id='word_1_27' title='bbox 369 492 709 565; x_wconf 83' lang='lat' dir='ltr'><strong>Q&#39;anquam</strong></span> <span class='ocrx_word' id='word_1_28' title='bbox 747 502 985 544; x_wconf 17' lang='lat' dir='ltr'><strong>veroivt</strong></span> <span class='ocrx_word' id='word_1_29' title='bbox 1045 483 1476 541; x_wconf 76' lang='lat' dir='ltr'><strong>emendatissima</strong></span> <span class='ocrx_word' id='word_1_30' title='bbox 1520 497 1684 556; x_wconf 88' lang='lat' dir='ltr'><strong>atque</strong></span> <span class='ocrx_word' id='word_1_31' title='bbox 1736 479 2138 537; x_wconf 71' lang='lat' dir='ltr'><strong>instruffiffima</strong></span> 
     </span>
     <span class='ocr_line' id='line_1_6' title="bbox 181 553 2138 628; baseline -0.009 0"><span class='ocrx_word' id='word_1_32' title='bbox 181 567 315 628; x_wconf 70' lang='lat' dir='ltr'><strong>esset</strong></span> <span class='ocrx_word' id='word_1_33' title='bbox 352 565 489 622; x_wconf 85' lang='lat' dir='ltr'><strong>hae-c</strong></span> <span class='ocrx_word' id='word_1_34' title='bbox 531 583 680 620; x_wconf 88' lang='lat' dir='ltr'><strong>noua</strong></span> <span class='ocrx_word' id='word_1_35' title='bbox 719 561 884 621; x_wconf 89' lang='lat' dir='ltr'><strong>editio</strong></span> <span class='ocrx_word' id='word_1_36' title='bbox 922 560 1285 618; x_wconf 86' lang='lat' dir='ltr'><strong>vehementer</strong></span> <span class='ocrx_word' id='word_1_37' title='bbox 1321 555 1717 628; x_wconf 77' lang='lat' dir='ltr'><strong>annisussum3</strong></span> <span class='ocrx_word' id='word_1_38' title='bbox 1758 571 1944 612; x_wconf 85' lang='lat' dir='ltr'><strong>tamen</strong></span> <span class='ocrx_word' id='word_1_39' title='bbox 1986 553 2138 610; x_wconf 87' lang='lat' dir='ltr'><strong>haud</strong></span> 
     </span>
     <span class='ocr_line' id='line_1_7' title="bbox 177 631 2139 715; baseline -0.007 -16"><span class='ocrx_word' id='word_1_40' title='bbox 177 639 479 700; x_wconf 65' lang='lat' dir='ltr'><strong>&#39;difficulter</strong></span> <span class='ocrx_word' id='word_1_41' title='bbox 522 637 853 715; x_wconf 83' lang='lat' dir='ltr'><strong>praeuideO,</strong></span> <span class='ocrx_word' id='word_1_42' title='bbox 907 653 961 705; x_wconf 88' lang='lat' dir='ltr'><strong>et</strong></span> <span class='ocrx_word' id='word_1_43' title='bbox 1001 654 1194 693; x_wconf 87' lang='lat' dir='ltr'><strong>rerum</strong></span> <span class='ocrx_word' id='word_1_44' title='bbox 1235 637 1490 703; x_wconf 84' lang='lat' dir='ltr'><strong>varietate</strong></span> <span class='ocrx_word' id='word_1_45' title='bbox 1515 631 1918 695; x_wconf 61' lang='lat' dir='ltr'><strong>distinctarum</strong></span> <span class='ocrx_word' id='word_1_46' title='bbox 1961 631 2139 703; x_wconf 83' lang='lat' dir='ltr'><strong>copia,</strong></span> 
     </span>
     <span class='ocr_line' id='line_1_8' title="bbox 187 703 2140 793; baseline -0.008 -19"><span class='ocrx_word' id='word_1_47' title='bbox 187 734 243 775; x_wconf 91' lang='lat' dir='ltr'><strong>et</strong></span> <span class='ocrx_word' id='word_1_48' title='bbox 284 716 418 793; x_wconf 88' lang='lat' dir='ltr'><strong>preli</strong></span> <span class='ocrx_word' id='word_1_49' title='bbox 460 715 535 773; x_wconf 92' lang='lat' dir='ltr'><strong>ob</strong></span> <span class='ocrx_word' id='word_1_50' title='bbox 577 716 835 772; x_wconf 83' lang='lat' dir='ltr'><strong>instantes</strong></span> <span class='ocrx_word' id='word_1_51' title='bbox 887 709 1164 769; x_wconf 83' lang='lat' dir='ltr'><strong>nundinas</strong></span> <span class='ocrx_word' id='word_1_52' title='bbox 1215 707 1517 786; x_wconf 88' lang='lat' dir='ltr'><strong>Lipsienses</strong></span> <span class='ocrx_word' id='word_1_53' title='bbox 1569 706 1882 764; x_wconf 85' lang='lat' dir='ltr'><strong>adhibenda</strong></span> <span class='ocrx_word' id='word_1_54' title='bbox 1933 703 2140 761; x_wconf 86' lang='lat' dir='ltr'><strong>festina-</strong></span> 
     </span>
     <span class='ocr_line' id='line_1_9' title="bbox 188 781 2145 866; baseline -0.008 -17"><span class='ocrx_word' id='word_1_55' title='bbox 188 794 339 850; x_wconf 85' lang='lat' dir='ltr'><strong>tione</strong></span> <span class='ocrx_word' id='word_1_56' title='bbox 386 792 501 848; x_wconf 88' lang='lat' dir='ltr'><strong>fieri</strong></span> <span class='ocrx_word' id='word_1_57' title='bbox 542 789 797 866; x_wconf 81' lang='lat' dir='ltr'><strong>potuisse,</strong></span> <span class='ocrx_word' id='word_1_58' title='bbox 857 789 946 846; x_wconf 88' lang='lat' dir='ltr'><strong>vel</strong></span> <span class='ocrx_word' id='word_1_59' title='bbox 991 787 1146 864; x_wconf 90' lang='lat' dir='ltr'><strong>quod</strong></span> <span class='ocrx_word' id='word_1_60' title='bbox 1197 787 1476 860; x_wconf 90' lang='lat' dir='ltr'><strong>comperi,</strong></span> <span class='ocrx_word' id='word_1_61' title='bbox 1544 782 1757 840; x_wconf 61' lang='lat' dir='ltr'><strong>factum</strong></span> <span class='ocrx_word' id='word_1_62' title='bbox 1806 781 1937 850; x_wconf 80' lang='lat' dir='ltr'><strong>effe,</strong></span> <span class='ocrx_word' id='word_1_63' title='bbox 1992 794 2053 835; x_wconf 91' lang='lat' dir='ltr'><strong>vt</strong></span> <span class='ocrx_word' id='word_1_64' title='bbox 2092 793 2145 834; x_wconf 86' lang='lat' dir='ltr'><strong>et</strong></span> 
     </span>
     <span class='ocr_line' id='line_1_10' title="bbox 190 861 2143 943; baseline -0.008 -19"><span class='ocrx_word' id='word_1_65' title='bbox 190 868 394 924; x_wconf 88' lang='lat' dir='ltr'><strong>menda</strong></span> <span class='ocrx_word' id='word_1_66' title='bbox 433 865 653 943; x_wconf 85' lang='lat' dir='ltr'><strong>sparsim</strong></span> <span class='ocrx_word' id='word_1_67' title='bbox 691 863 1078 941; x_wconf 81' lang='lat' dir='ltr'><strong>subreperent,</strong></span> <span class='ocrx_word' id='word_1_68' title='bbox 1137 879 1194 920; x_wconf 88' lang='lat' dir='ltr'><strong>et</strong></span> <span class='ocrx_word' id='word_1_69' title='bbox 1230 861 1353 918; x_wconf 85' lang='lat' dir='ltr'><strong>libri</strong></span> <span class='ocrx_word' id='word_1_70' title='bbox 1393 876 1487 916; x_wconf 89' lang='lat' dir='ltr'><strong>aut</strong></span> <span class='ocrx_word' id='word_1_71' title='bbox 1525 862 1739 933; x_wconf 78' lang='lat' dir='ltr'><strong>integra</strong></span> <span class='ocrx_word' id='word_1_72' title='bbox 1785 870 2143 933; x_wconf 81' lang='lat' dir='ltr'><strong>argumenta,</strong></span> 
     </span>
     <span class='ocr_line' id='line_1_11' title="bbox 193 930 2200 1019; baseline -0.007 -20"><span class='ocrx_word' id='word_1_73' title='bbox 193 943 396 1019; x_wconf 86' lang='lat' dir='ltr'><strong>quibus</strong></span> <span class='ocrx_word' id='word_1_74' title='bbox 432 945 623 1019; x_wconf 81' lang='lat' dir='ltr'><strong>augeri</strong></span> <span class='ocrx_word' id='word_1_75' title='bbox 662 941 803 999; x_wconf 90' lang='lat' dir='ltr'><strong>liber</strong></span> <span class='ocrx_word' id='word_1_76' title='bbox 843 941 997 999; x_wconf 80' lang='lat' dir='ltr'><strong>hicce</strong></span> <span class='ocrx_word' id='word_1_77' title='bbox 1052 937 1333 1016; x_wconf 79' lang='lat' dir='ltr'><strong>potuisset,</strong></span> <span class='ocrx_word' id='word_1_78' title='bbox 1391 937 1493 992; x_wconf 82' lang='lat' dir='ltr'><strong>sint</strong></span> <span class='ocrx_word' id='word_1_79' title='bbox 1548 933 1752 991; x_wconf 80' lang='lat' dir='ltr'><strong>omissa.</strong></span> <span class='ocrx_word' id='word_1_80' title='bbox 1869 930 2146 988; x_wconf 85' lang='lat' dir='ltr'><strong>Humani·</strong></span> <span class='ocrx_word' id='word_1_81' title='bbox 2197 958 2200 959; x_wconf 36' lang='lat'><em>⁷</em></span> 
     </span>
     <span class='ocr_line' id='line_1_12' title="bbox 193 1005 2147 1094; baseline -0.008 -20"><span class='ocrx_word' id='word_1_82' title='bbox 193 1035 299 1075; x_wconf 88' lang='lat' dir='ltr'><strong>tate</strong></span> <span class='ocrx_word' id='word_1_83' title='bbox 353 1035 539 1076; x_wconf 88' lang='lat' dir='ltr'><strong>autem</strong></span> <span class='ocrx_word' id='word_1_84' title='bbox 585 1021 747 1094; x_wconf 87' lang='lat' dir='ltr'><strong>aequi</strong></span> <span class='ocrx_word' id='word_1_85' title='bbox 795 1016 1013 1074; x_wconf 64' lang='lat' dir='ltr'><strong>lefi&#39;toris</strong></span> <span class='ocrx_word' id='word_1_86' title='bbox 1065 1013 1239 1072; x_wconf 88' lang='lat' dir='ltr'><strong>fretus</strong></span> <span class='ocrx_word' id='word_1_87' title='bbox 1293 1011 1550 1080; x_wconf 85' lang='lat' dir='ltr'><strong>confidO,</strong></span> <span class='ocrx_word' id='word_1_88' title='bbox 1614 1028 1748 1080; x_wconf 86' lang='lat' dir='ltr'><strong>eum</strong></span> <span class='ocrx_word' id='word_1_89' title='bbox 1788 1007 1891 1064; x_wconf 88' lang='lat' dir='ltr'><strong>hos</strong></span> <span class='ocrx_word' id='word_1_90' title='bbox 1939 1005 2147 1081; x_wconf 86' lang='lat' dir='ltr'><strong>quales-</strong></span> 
     </span>
     <span class='ocr_line' id='line_1_13' title="bbox 194 1079 2148 1170; baseline -0.008 -19"><span class='ocrx_word' id='word_1_91' title='bbox 194 1104 421 1170; x_wconf 77' lang='lat' dir='ltr'><strong>cunque</strong></span> <span class='ocrx_word' id='word_1_92' title='bbox 469 1092 718 1151; x_wconf 57' lang='lat' dir='ltr'><strong>defectus</strong></span> <span class='ocrx_word' id='word_1_93' title='bbox 778 1093 1052 1150; x_wconf 84' lang='lat' dir='ltr'><strong>beneuole</strong></span> <span class='ocrx_word' id='word_1_94' title='bbox 1111 1090 1217 1146; x_wconf 79' lang='lat' dir='ltr'><strong>esse</strong></span> <span class='ocrx_word' id='word_1_95' title='bbox 1264 1091 1794 1161; x_wconf 86' lang='lat' dir='ltr'><strong>interpretaturum,</strong></span> <span class='ocrx_word' id='word_1_96' title='bbox 1861 1079 2148 1139; x_wconf 88' lang='lat' dir='ltr'><strong>recordan-</strong></span> 
     </span>
     <span class='ocr_line' id='line_1_14' title="bbox 196 1154 2150 1240; baseline -0.008 -15"><span class='ocrx_word' id='word_1_97' title='bbox 196 1184 349 1238; x_wconf 86' lang='lat' dir='ltr'><strong>tem,</strong></span> <span class='ocrx_word' id='word_1_98' title='bbox 402 1170 539 1226; x_wconf 88' lang='lat' dir='ltr'><strong>nihil</strong></span> <span class='ocrx_word' id='word_1_99' title='bbox 580 1169 684 1231; x_wconf 79' lang='lat' dir='ltr'><strong>esse</strong></span> <span class='ocrx_word' id='word_1_100' title='bbox 724 1170 882 1224; x_wconf 89' lang='lat' dir='ltr'><strong>omni</strong></span> <span class='ocrx_word' id='word_1_101' title='bbox 931 1187 1000 1224; x_wconf 82' lang='lat' dir='ltr'><strong>ex</strong></span> <span class='ocrx_word' id='word_1_102' title='bbox 1048 1182 1205 1240; x_wconf 86' lang='lat' dir='ltr'><strong>parte</strong></span> <span class='ocrx_word' id='word_1_103' title='bbox 1258 1161 1620 1238; x_wconf 63' lang='lat' dir='ltr'><strong>perfectum,</strong></span> <span class='ocrx_word' id='word_1_104' title='bbox 1674 1179 1780 1216; x_wconf 92' lang='lat' dir='ltr'><strong>nec</strong></span> <span class='ocrx_word' id='word_1_105' title='bbox 1819 1157 1935 1213; x_wconf 88' lang='lat' dir='ltr'><strong>fieri</strong></span> <span class='ocrx_word' id='word_1_106' title='bbox 1976 1154 2150 1230; x_wconf 80' lang='lat' dir='ltr'><strong>posse,</strong></span> 
     </span>
     <span class='ocr_line' id='line_1_15' title="bbox 198 1233 2152 1319; baseline -0.009 -17"><span class='ocrx_word' id='word_1_107' title='bbox 198 1247 339 1319; x_wconf 90' lang='lat' dir='ltr'><strong>quin</strong></span> <span class='ocrx_word' id='word_1_108' title='bbox 379 1260 526 1302; x_wconf 85' lang='lat' dir='ltr'><strong>tanta</strong></span> <span class='ocrx_word' id='word_1_109' title='bbox 574 1263 763 1301; x_wconf 86' lang='lat' dir='ltr'><strong>rerum</strong></span> <span class='ocrx_word' id='word_1_110' title='bbox 807 1243 958 1300; x_wconf 90' lang='lat' dir='ltr'><strong>mole</strong></span> <span class='ocrx_word' id='word_1_111' title='bbox 1011 1240 1309 1317; x_wconf 80' lang='lat' dir='ltr'><strong>ali-quando</strong></span> <span class='ocrx_word' id='word_1_112' title='bbox 1353 1240 1570 1294; x_wconf 83' lang='lat' dir='ltr'><strong>animus</strong></span> <span class='ocrx_word' id='word_1_113' title='bbox 1626 1238 1694 1291; x_wconf 89' lang='lat' dir='ltr'><strong>ita</strong></span> <span class='ocrx_word' id='word_1_114' title='bbox 1742 1233 2037 1298; x_wconf 76' lang='lat' dir='ltr'><strong>obruatur,</strong></span> <span class='ocrx_word' id='word_1_115' title='bbox 2091 1244 2152 1285; x_wconf 83' lang='lat' dir='ltr'><strong>vt</strong></span> 
     </span>
     <span class='ocr_line' id='line_1_16' title="bbox 197 1304 2152 1391; baseline -0.009 -15"><span class='ocrx_word' id='word_1_116' title='bbox 197 1321 287 1376; x_wconf 83' lang='lat' dir='ltr'><strong>vel</strong></span> <span class='ocrx_word' id='word_1_117' title='bbox 313 1321 601 1391; x_wconf 61' lang='lat' dir='ltr'><strong>⁴quaedam</strong></span> <span class='ocrx_word' id='word_1_118' title='bbox 639 1322 825 1383; x_wconf 87' lang='lat' dir='ltr'><strong>minus</strong></span> <span class='ocrx_word' id='word_1_119' title='bbox 863 1334 1117 1375; x_wconf 90' lang='lat' dir='ltr'><strong>accurate</strong></span> <span class='ocrx_word' id='word_1_120' title='bbox 1158 1314 1366 1380; x_wconf 83' lang='lat' dir='ltr'><strong>videat,</strong></span> <span class='ocrx_word' id='word_1_121' title='bbox 1426 1312 1513 1368; x_wconf 90' lang='lat' dir='ltr'><strong>vel</strong></span> <span class='ocrx_word' id='word_1_122' title='bbox 1552 1309 1853 1369; x_wconf 88' lang='lat' dir='ltr'><strong>adiicienda</strong></span> <span class='ocrx_word' id='word_1_123' title='bbox 1904 1304 2152 1379; x_wconf 80' lang='lat' dir='ltr'><strong>effugere</strong></span> 
     </span>
     <span class='ocr_line' id='line_1_17' title="bbox 198 1379 2151 1468; baseline -0.007 -20"><span class='ocrx_word' id='word_1_124' title='bbox 198 1395 447 1468; x_wconf 88' lang='lat' dir='ltr'><strong>patiatur.</strong></span> <span class='ocrx_word' id='word_1_125' title='bbox 489 1394 871 1449; x_wconf 72' lang='lat' dir='ltr'><strong>Gratissimum</strong></span> <span class='ocrx_word' id='word_1_126' title='bbox 911 1409 1046 1445; x_wconf 87' lang='lat' dir='ltr'><strong>vero</strong></span> <span class='ocrx_word' id='word_1_127' title='bbox 1091 1390 1227 1444; x_wconf 89' lang='lat' dir='ltr'><strong>mihi</strong></span> <span class='ocrx_word' id='word_1_128' title='bbox 1271 1388 1392 1444; x_wconf 88' lang='lat' dir='ltr'><strong>fore</strong></span> <span class='ocrx_word' id='word_1_129' title='bbox 1432 1386 1696 1461; x_wconf 82' lang='lat' dir='ltr'><strong>significo,</strong></span> <span class='ocrx_word' id='word_1_130' title='bbox 1735 1386 1772 1441; x_wconf 87' lang='lat' dir='ltr'>fi</span> <span class='ocrx_word' id='word_1_131' title='bbox 1813 1383 1935 1440; x_wconf 90' lang='lat' dir='ltr'><strong>Viri</strong></span> <span class='ocrx_word' id='word_1_132' title='bbox 1975 1379 2151 1437; x_wconf 88' lang='lat' dir='ltr'><strong>erudi-</strong></span> 
     </span>
     <span class='ocr_line' id='line_1_18' title="bbox 201 1455 2150 1538; baseline -0.006 -16"><span class='ocrx_word' id='word_1_133' title='bbox 201 1469 363 1523; x_wconf 88' lang='lat' dir='ltr'><strong>tionis</strong></span> <span class='ocrx_word' id='word_1_134' title='bbox 402 1466 561 1521; x_wconf 87' lang='lat' dir='ltr'><strong>laude</strong></span> <span class='ocrx_word' id='word_1_135' title='bbox 612 1466 939 1538; x_wconf 85' lang='lat' dir='ltr'><strong>praestantes</strong></span> <span class='ocrx_word' id='word_1_136' title='bbox 981 1466 1172 1537; x_wconf 88' lang='lat' dir='ltr'><strong>reique</strong></span> <span class='ocrx_word' id='word_1_137' title='bbox 1211 1460 1547 1535; x_wconf 84' lang='lat' dir='ltr'><strong>antiquariae</strong></span> <span class='ocrx_word' id='word_1_138' title='bbox 1580 1462 1738 1534; x_wconf 90' lang='lat' dir='ltr'><strong>periti</strong></span> <span class='ocrx_word' id='word_1_139' title='bbox 1779 1477 1901 1527; x_wconf 88' lang='lat' dir='ltr'><strong>eas,</strong></span> <span class='ocrx_word' id='word_1_140' title='bbox 1947 1455 2150 1532; x_wconf 87' lang='lat' dir='ltr'><strong>quibus</strong></span> 
     </span>
     <span class='ocr_line' id='line_1_19' title="bbox 200 1533 2151 1615; baseline -0.006 -18"><span class='ocrx_word' id='word_1_141' title='bbox 200 1542 338 1599; x_wconf 86' lang='lat' dir='ltr'><strong>haec</strong></span> <span class='ocrx_word' id='word_1_142' title='bbox 385 1538 788 1615; x_wconf 82' lang='lat' dir='ltr'><strong>bibliographia</strong></span> <span class='ocrx_word' id='word_1_143' title='bbox 845 1537 1415 1611; x_wconf 53' lang='lat' dir='ltr'><strong>locupletari&#39;ffiffit,</strong></span> <span class='ocrx_word' id='word_1_144' title='bbox 1463 1533 1868 1607; x_wconf 85' lang='lat' dir='ltr'><strong>obseruationes</strong></span> <span class='ocrx_word' id='word_1_145' title='bbox 1923 1548 2151 1587; x_wconf 89' lang='lat' dir='ltr'><strong>mecum</strong></span> 
     </span>
     <span class='ocr_line' id='line_1_20' title="bbox 204 1606 2153 1690; baseline -0.007 -17"><span class='ocrx_word' id='word_1_146' title='bbox 204 1619 656 1673; x_wconf 88' lang='lat' dir='ltr'><strong>communicent:</strong></span> <span class='ocrx_word' id='word_1_147' title='bbox 727 1631 864 1690; x_wconf 90' lang='lat' dir='ltr'><strong>quas</strong></span> <span class='ocrx_word' id='word_1_148' title='bbox 907 1609 1160 1687; x_wconf 67' lang='lat' dir='ltr'><strong>⁴&#39;quidem</strong></span> <span class='ocrx_word' id='word_1_149' title='bbox 1224 1608 1661 1684; x_wconf 63' lang='lat' dir='ltr'><strong>supplementis,</strong></span> <span class='ocrx_word' id='word_1_150' title='bbox 1697 1608 1940 1683; x_wconf 82' lang='lat' dir='ltr'><strong>&#39;quibus</strong></span> <span class='ocrx_word' id='word_1_151' title='bbox 1999 1606 2153 1661; x_wconf 91' lang='lat' dir='ltr'><strong>hunc</strong></span> 
     </span>
     <span class='ocr_line' id='line_1_21' title="bbox 206 1679 2154 1767; baseline -0.007 -19"><span class='ocrx_word' id='word_1_152' title='bbox 206 1691 391 1767; x_wconf 89' lang='lat' dir='ltr'><strong>ipsum</strong></span> <span class='ocrx_word' id='word_1_153' title='bbox 442 1691 650 1746; x_wconf 89' lang='lat' dir='ltr'><strong>librum</strong></span> <span class='ocrx_word' id='word_1_154' title='bbox 691 1688 1041 1763; x_wconf 80' lang='lat' dir='ltr'><strong>eruditorum</strong></span> <span class='ocrx_word' id='word_1_155' title='bbox 1078 1682 1545 1750; x_wconf 80' lang='lat' dir='ltr'><strong>accommodabo,</strong></span> <span class='ocrx_word' id='word_1_156' title='bbox 1582 1681 1799 1744; x_wconf 57' lang='lat' dir='ltr'><strong>‘vsibus</strong></span> <span class='ocrx_word' id='word_1_157' title='bbox 1846 1679 2154 1737; x_wconf 88' lang='lat' dir='ltr'><strong>inserendas</strong></span> 
     </span>
     <span class='ocr_line' id='line_1_22' title="bbox 208 1756 2159 1839; baseline -0.007 -16"><span class='ocrx_word' id='word_1_158' title='bbox 208 1766 431 1824; x_wconf 82' lang='lat' dir='ltr'><strong>curabO.</strong></span> <span class='ocrx_word' id='word_1_159' title='bbox 543 1766 752 1839; x_wconf 89' lang='lat' dir='ltr'><strong>Neque</strong></span> <span class='ocrx_word' id='word_1_160' title='bbox 804 1765 955 1819; x_wconf 91' lang='lat' dir='ltr'><strong>enim</strong></span> <span class='ocrx_word' id='word_1_161' title='bbox 1003 1760 1346 1828; x_wconf 85' lang='lat' dir='ltr'><strong>concedam,</strong></span> <span class='ocrx_word' id='word_1_162' title='bbox 1410 1775 1470 1815; x_wconf 91' lang='lat' dir='ltr'><strong>vt</strong></span> <span class='ocrx_word' id='word_1_163' title='bbox 1521 1759 1581 1815; x_wconf 91' lang='lat' dir='ltr'><strong>in</strong></span> <span class='ocrx_word' id='word_1_164' title='bbox 1626 1756 1959 1832; x_wconf 86' lang='lat' dir='ltr'><strong>expoliendo</strong></span> <span class='ocrx_word' id='word_1_165' title='bbox 2011 1774 2159 1828; x_wconf 87' lang='lat' dir='ltr'><strong>prae-</strong></span> 
     </span>
     <span class='ocr_line' id='line_1_23' title="bbox 211 1831 2159 1913; baseline -0.007 -15"><span class='ocrx_word' id='word_1_166' title='bbox 211 1842 525 1898; x_wconf 79' lang='lat' dir='ltr'><strong>stantiffimo</strong></span> <span class='ocrx_word' id='word_1_167' title='bbox 571 1839 742 1901; x_wconf 79' lang='lat' dir='ltr'><strong>hocce</strong></span> <span class='ocrx_word' id='word_1_168' title='bbox 795 1856 964 1913; x_wconf 89' lang='lat' dir='ltr'><strong>opere</strong></span> <span class='ocrx_word' id='word_1_169' title='bbox 1012 1835 1241 1912; x_wconf 84' lang='lat' dir='ltr'><strong>segnem</strong></span> <span class='ocrx_word' id='word_1_170' title='bbox 1282 1832 1685 1910; x_wconf 89' lang='lat' dir='ltr'><strong>deprehendar,</strong></span> <span class='ocrx_word' id='word_1_171' title='bbox 1736 1831 1826 1888; x_wconf 80' lang='lat' dir='ltr'><strong>sed</strong></span> <span class='ocrx_word' id='word_1_172' title='bbox 1870 1831 2159 1906; x_wconf 86' lang='lat' dir='ltr'><strong>quodcun-</strong></span> 
     </span>
     <span class='ocr_line' id='line_1_24' title="bbox 197 1909 2155 1992; baseline -0.007 -19"><span class='ocrx_word' id='word_1_173' title='bbox 197 1935 324 1991; x_wconf 78' lang='lat' dir='ltr'><strong>¹que</strong></span> <span class='ocrx_word' id='word_1_174' title='bbox 364 1936 393 1972; x_wconf 88' lang='lat' dir='ltr'><strong>a</strong></span> <span class='ocrx_word' id='word_1_175' title='bbox 435 1917 680 1972; x_wconf 88' lang='lat' dir='ltr'><strong>muneris</strong></span> <span class='ocrx_word' id='word_1_176' title='bbox 717 1916 827 1970; x_wconf 87' lang='lat' dir='ltr'><strong>mei</strong></span> <span class='ocrx_word' id='word_1_177' title='bbox 852 1915 1084 1992; x_wconf 78' lang='lat' dir='ltr'><strong>negotiis</strong></span> <span class='ocrx_word' id='word_1_178' title='bbox 1110 1930 1354 1968; x_wconf 84' lang='lat' dir='ltr'><strong>vacuum</strong></span> <span class='ocrx_word' id='word_1_179' title='bbox 1392 1909 1530 1965; x_wconf 87' lang='lat' dir='ltr'><strong>mihi</strong></span> <span class='ocrx_word' id='word_1_180' title='bbox 1571 1911 1672 1965; x_wconf 89' lang='lat' dir='ltr'><strong>erit</strong></span> <span class='ocrx_word' id='word_1_181' title='bbox 1706 1922 1952 1982; x_wconf 87' lang='lat' dir='ltr'><strong>tempus,</strong></span> <span class='ocrx_word' id='word_1_182' title='bbox 1989 1923 2155 1961; x_wconf 86' lang='lat' dir='ltr'><strong>omne</strong></span> 
     </span>
     <span class='ocr_line' id='line_1_25' title="bbox 215 1981 2159 2064; baseline -0.007 -16"><span class='ocrx_word' id='word_1_183' title='bbox 215 1992 331 2048; x_wconf 73' lang='lat' dir='ltr'><strong>fere</strong></span> <span class='ocrx_word' id='word_1_184' title='bbox 367 1992 545 2047; x_wconf 85' lang='lat' dir='ltr'><strong>eidem</strong></span> <span class='ocrx_word' id='word_1_185' title='bbox 581 1988 903 2047; x_wconf 83' lang='lat' dir='ltr'><strong>exornando</strong></span> <span class='ocrx_word' id='word_1_186' title='bbox 938 1988 1281 2064; x_wconf 88' lang='lat' dir='ltr'><strong>impendam.</strong></span> <span class='ocrx_word' id='word_1_187' title='bbox 1369 1986 1555 2061; x_wconf 85' lang='lat' dir='ltr'><strong>Qare</strong></span> <span class='ocrx_word' id='word_1_188' title='bbox 1591 2001 1822 2059; x_wconf 89' lang='lat' dir='ltr'><strong>operam</strong></span> <span class='ocrx_word' id='word_1_189' title='bbox 1863 1981 2034 2050; x_wconf 81' lang='lat' dir='ltr'><strong>dabo,</strong></span> <span class='ocrx_word' id='word_1_190' title='bbox 2071 1997 2159 2047; x_wconf 76' lang='lat' dir='ltr'><strong>vt,</strong></span> 
     </span>
     <span class='ocr_line' id='line_1_26' title="bbox 218 2056 2158 2141; baseline -0.007 -19"><span class='ocrx_word' id='word_1_191' title='bbox 218 2085 389 2140; x_wconf 89' lang='lat' dir='ltr'><strong>quam</strong></span> <span class='ocrx_word' id='word_1_192' title='bbox 432 2069 679 2141; x_wconf 88' lang='lat' dir='ltr'><strong>primum</strong></span> <span class='ocrx_word' id='word_1_193' title='bbox 724 2084 786 2121; x_wconf 87' lang='lat' dir='ltr'><strong>ea</strong></span> <span class='ocrx_word' id='word_1_194' title='bbox 826 2083 1019 2121; x_wconf 89' lang='lat' dir='ltr'><strong>rerum</strong></span> <span class='ocrx_word' id='word_1_195' title='bbox 1062 2062 1202 2128; x_wconf 86' lang='lat' dir='ltr'><strong>mihi</strong></span> <span class='ocrx_word' id='word_1_196' title='bbox 1241 2060 1493 2137; x_wconf 87' lang='lat' dir='ltr'><strong>suppetet</strong></span> <span class='ocrx_word' id='word_1_197' title='bbox 1560 2061 1746 2134; x_wconf 90' lang='lat' dir='ltr'><strong>copia,</strong></span> <span class='ocrx_word' id='word_1_198' title='bbox 1814 2074 1957 2132; x_wconf 90' lang='lat' dir='ltr'><strong>quae</strong></span> <span class='ocrx_word' id='word_1_199' title='bbox 1995 2056 2158 2111; x_wconf 89' lang='lat' dir='ltr'><strong>iustae</strong></span> 
     </span>
     <span class='ocr_line' id='line_1_27' title="bbox 220 2134 2160 2215; baseline -0.006 -20"><span class='ocrx_word' id='word_1_200' title='bbox 220 2142 612 2215; x_wconf 81' lang='lat' dir='ltr'><strong>magnitudinis</strong></span> <span class='ocrx_word' id='word_1_201' title='bbox 648 2140 918 2197; x_wconf 86' lang='lat' dir='ltr'><strong>volumen</strong></span> <span class='ocrx_word' id='word_1_202' title='bbox 957 2139 1237 2205; x_wconf 85' lang='lat' dir='ltr'><strong>conficiat,</strong></span> <span class='ocrx_word' id='word_1_203' title='bbox 1298 2140 1355 2193; x_wconf 89' lang='lat' dir='ltr'><strong>in</strong></span> <span class='ocrx_word' id='word_1_204' title='bbox 1405 2137 1590 2192; x_wconf 85' lang='lat' dir='ltr'><strong>lucem</strong></span> <span class='ocrx_word' id='word_1_205' title='bbox 1638 2134 2160 2208; x_wconf 84' lang='lat' dir='ltr'><strong>supplementorum</strong></span> 
     </span>
     <span class='ocr_line' id='line_1_28' title="bbox 218 2205 2163 2290; baseline -0.006 -20"><span class='ocrx_word' id='word_1_206' title='bbox 218 2215 353 2270; x_wconf 82' lang='lat' dir='ltr'><strong>illud</strong></span> <span class='ocrx_word' id='word_1_207' title='bbox 395 2215 661 2272; x_wconf 88' lang='lat' dir='ltr'><strong>volumen</strong></span> <span class='ocrx_word' id='word_1_208' title='bbox 700 2223 870 2273; x_wconf 81' lang='lat' dir='ltr'><strong>exeat.</strong></span> <span class='ocrx_word' id='word_1_209' title='bbox 971 2216 1036 2271; x_wconf 91' lang='lat' dir='ltr'><strong>In</strong></span> <span class='ocrx_word' id='word_1_210' title='bbox 1079 2233 1196 2290; x_wconf 91' lang='lat' dir='ltr'><strong>quo</strong></span> <span class='ocrx_word' id='word_1_211' title='bbox 1246 2211 1478 2288; x_wconf 91' lang='lat' dir='ltr'><strong>quidem</strong></span> <span class='ocrx_word' id='word_1_212' title='bbox 1534 2225 1588 2266; x_wconf 87' lang='lat' dir='ltr'><strong>et</strong></span> <span class='ocrx_word' id='word_1_213' title='bbox 1638 2210 1879 2283; x_wconf 85' lang='lat' dir='ltr'><strong>reliquos</strong></span> <span class='ocrx_word' id='word_1_214' title='bbox 1932 2205 2163 2262; x_wconf 74' lang='lat' dir='ltr'><strong>thesauri</strong></span> 
     </span>
     <span class='ocr_line' id='line_1_29' title="bbox 219 2278 2166 2367; baseline -0.007 -21"><span class='ocrx_word' id='word_1_215' title='bbox 219 2289 540 2364; x_wconf 78' lang='lat' dir='ltr'><strong>Vgoliniani</strong></span> <span class='ocrx_word' id='word_1_216' title='bbox 580 2308 786 2360; x_wconf 71' lang='lat' dir='ltr'><strong>toanS,</strong></span> <span class='ocrx_word' id='word_1_217' title='bbox 835 2306 1084 2367; x_wconf 87' lang='lat' dir='ltr'><strong>quorum</strong></span> <span class='ocrx_word' id='word_1_218' title='bbox 1126 2291 1316 2345; x_wconf 88' lang='lat' dir='ltr'><strong>notitia</strong></span> <span class='ocrx_word' id='word_1_219' title='bbox 1356 2304 1477 2343; x_wconf 89' lang='lat' dir='ltr'><strong>tum</strong></span> <span class='ocrx_word' id='word_1_220' title='bbox 1500 2327 1517 2352; x_wconf 82' lang='lat'><strong>,</strong></span> <span class='ocrx_word' id='word_1_221' title='bbox 1576 2304 1758 2360; x_wconf 89' lang='lat' dir='ltr'><strong>quum</strong></span> <span class='ocrx_word' id='word_1_222' title='bbox 1802 2284 1935 2338; x_wconf 90' lang='lat' dir='ltr'><strong>haec</strong></span> <span class='ocrx_word' id='word_1_223' title='bbox 1975 2278 2166 2335; x_wconf 90' lang='lat' dir='ltr'><strong>biblio·</strong></span> 
     </span>
     <span class='ocr_line' id='line_1_30' title="bbox 222 2360 2162 2441; baseline -0.007 -19"><span class='ocrx_word' id='word_1_224' title='bbox 222 2365 481 2440; x_wconf 77' lang='lat' dir='ltr'><strong>graphiae</strong></span> <span class='ocrx_word' id='word_1_225' title='bbox 520 2366 680 2422; x_wconf 89' lang='lat' dir='ltr'><strong>editio</strong></span> <span class='ocrx_word' id='word_1_226' title='bbox 722 2367 879 2441; x_wconf 89' lang='lat' dir='ltr'><strong>prelo</strong></span> <span class='ocrx_word' id='word_1_227' title='bbox 916 2365 1298 2432; x_wconf 76' lang='lat' dir='ltr'><strong>subiiceretur,</strong></span> <span class='ocrx_word' id='word_1_228' title='bbox 1357 2362 1616 2418; x_wconf 87' lang='lat' dir='ltr'><strong>nondum</strong></span> <span class='ocrx_word' id='word_1_229' title='bbox 1658 2360 1726 2416; x_wconf 91' lang='lat' dir='ltr'><strong>ad</strong></span> <span class='ocrx_word' id='word_1_230' title='bbox 1766 2376 1858 2413; x_wconf 88' lang='lat' dir='ltr'><strong>me</strong></span> <span class='ocrx_word' id='word_1_231' title='bbox 1895 2372 2162 2430; x_wconf 83' lang='lat' dir='ltr'><strong>peruene-</strong></span> 
     </span>
     <span class='ocr_line' id='line_1_31' title="bbox 222 2426 2165 2515; baseline -0.007 -19"><span class='ocrx_word' id='word_1_232' title='bbox 222 2457 330 2510; x_wconf 81' lang='lat' dir='ltr'><strong>rat,</strong></span> <span class='ocrx_word' id='word_1_233' title='bbox 367 2458 418 2495; x_wconf 87' lang='lat' dir='ltr'><strong>et</strong></span> <span class='ocrx_word' id='word_1_234' title='bbox 454 2441 969 2514; x_wconf 84' lang='lat' dir='ltr'><strong>praestantiffimum</strong></span> <span class='ocrx_word' id='word_1_235' title='bbox 1004 2442 1312 2515; x_wconf 85' lang='lat' dir='ltr'><strong>Tantoque</strong></span> <span class='ocrx_word' id='word_1_236' title='bbox 1344 2438 1494 2512; x_wconf 81' lang='lat' dir='ltr'><strong>Rege</strong></span> <span class='ocrx_word' id='word_1_237' title='bbox 1531 2436 1766 2510; x_wconf 84' lang='lat' dir='ltr'><strong>dignum</strong></span> <span class='ocrx_word' id='word_1_238' title='bbox 1799 2448 1968 2504; x_wconf 83' lang='lat' dir='ltr'><strong>opUS,</strong></span> <span class='ocrx_word' id='word_1_239' title='bbox 2008 2426 2165 2504; x_wconf 92' lang='lat' dir='ltr'><strong>quod</strong></span> 
     </span>
     <span class='ocr_line' id='line_1_32' title="bbox 224 2503 2166 2591; baseline -0.008 -19"><span class='ocrx_word' id='word_1_240' title='bbox 224 2516 465 2591; x_wconf 60' lang='lat' dir='ltr'><strong>picturas</strong></span> <span class='ocrx_word' id='word_1_241' title='bbox 509 2517 565 2570; x_wconf 88' lang='lat' dir='ltr'><strong>in</strong></span> <span class='ocrx_word' id='word_1_242' title='bbox 609 2515 1225 2590; x_wconf 65' lang='lat' dir='ltr'><strong>Herculano‘repertas,</strong></span> <span class='ocrx_word' id='word_1_243' title='bbox 1266 2514 1559 2586; x_wconf 74' lang='lat' dir='ltr'><strong>Regisque,</strong></span> <span class='ocrx_word' id='word_1_244' title='bbox 1602 2526 1724 2564; x_wconf 90' lang='lat' dir='ltr'><strong>tum</strong></span> <span class='ocrx_word' id='word_1_245' title='bbox 1763 2507 2049 2580; x_wconf 82' lang='lat' dir='ltr'><strong>Vtriusque</strong></span> <span class='ocrx_word' id='word_1_246' title='bbox 2091 2503 2166 2558; x_wconf 91' lang='lat' dir='ltr'><strong>Si-</strong></span> 
     </span>
     <span class='ocr_line' id='line_1_33' title="bbox 229 2580 2168 2664; baseline -0.008 -17"><span class='ocrx_word' id='word_1_247' title='bbox 229 2592 403 2658; x_wconf 86' lang='lat' dir='ltr'><strong>ciliae,</strong></span> <span class='ocrx_word' id='word_1_248' title='bbox 466 2592 576 2645; x_wconf 87' lang='lat' dir='ltr'><strong>iam</strong></span> <span class='ocrx_word' id='word_1_249' title='bbox 630 2588 921 2664; x_wconf 88' lang='lat' dir='ltr'><strong>Hispaniae</strong></span> <span class='ocrx_word' id='word_1_250' title='bbox 960 2591 1100 2647; x_wconf 70' lang='lat' dir='ltr'><strong>iussu</strong></span> <span class='ocrx_word' id='word_1_251' title='bbox 1139 2593 1197 2645; x_wconf 88' lang='lat' dir='ltr'><strong>in</strong></span> <span class='ocrx_word' id='word_1_252' title='bbox 1234 2606 1356 2644; x_wconf 84' lang='lat' dir='ltr'><strong>aere</strong></span> <span class='ocrx_word' id='word_1_253' title='bbox 1395 2581 1576 2647; x_wconf 84' lang='lat' dir='ltr'><strong>incisas</strong></span> <span class='ocrx_word' id='word_1_254' title='bbox 1613 2580 2168 2653; x_wconf 71' lang='lat' dir='ltr'><strong>dofflffimorumque</strong></span> 
     </span>
     <span class='ocr_line' id='line_1_34' title="bbox 229 2650 2168 2729; baseline -0.007 -8"><span class='ocrx_word' id='word_1_255' title='bbox 229 2669 482 2722; x_wconf 62' lang='lat' dir='ltr'><strong>viromm</strong></span> <span class='ocrx_word' id='word_1_256' title='bbox 522 2668 931 2721; x_wconf 88' lang='lat' dir='ltr'><strong>commentariis</strong></span> <span class='ocrx_word' id='word_1_257' title='bbox 965 2665 1243 2721; x_wconf 86' lang='lat' dir='ltr'><strong>illustratas</strong></span> <span class='ocrx_word' id='word_1_258' title='bbox 1285 2659 1533 2726; x_wconf 84' lang='lat' dir='ltr'><strong>exhibet,</strong></span> <span class='ocrx_word' id='word_1_259' title='bbox 1574 2660 1726 2713; x_wconf 77' lang='lat' dir='ltr'><strong>cuius</strong></span> <span class='ocrx_word' id='word_1_260' title='bbox 1766 2654 2050 2729; x_wconf 77' lang='lat' dir='ltr'><strong>exemplar</strong></span> <span class='ocrx_word' id='word_1_261' title='bbox 2096 2650 2168 2708; x_wconf 90' lang='lat' dir='ltr'><strong>fe-</strong></span> 
     </span>
     <span class='ocr_line' id='line_1_35' title="bbox 227 2726 2171 2811; baseline -0.008 -15"><span class='ocrx_word' id='word_1_262' title='bbox 227 2742 314 2798; x_wconf 84' lang='lat' dir='ltr'><strong>lici</strong></span> <span class='ocrx_word' id='word_1_263' title='bbox 359 2741 528 2796; x_wconf 82' lang='lat' dir='ltr'><strong>fidere</strong></span> <span class='ocrx_word' id='word_1_264' title='bbox 567 2742 624 2796; x_wconf 92' lang='lat' dir='ltr'><strong>in</strong></span> <span class='ocrx_word' id='word_1_265' title='bbox 665 2739 1056 2797; x_wconf 84' lang='lat' dir='ltr'><strong>bibliothecam</strong></span> <span class='ocrx_word' id='word_1_266' title='bbox 1098 2738 1221 2796; x_wconf 88' lang='lat' dir='ltr'><strong>Viri</strong></span> <span class='ocrx_word' id='word_1_267' title='bbox 1263 2735 1432 2811; x_wconf 80' lang='lat' dir='ltr'><strong>longe</strong></span> <span class='ocrx_word' id='word_1_268' title='bbox 1473 2731 1936 2808; x_wconf 81' lang='lat' dir='ltr'><strong>Experientissimi</strong></span> <span class='ocrx_word' id='word_1_269' title='bbox 1978 2726 2171 2784; x_wconf 86' lang='lat' dir='ltr'><strong>Erudi-</strong></span> 
     </span>
     <span class='ocr_line' id='line_1_36' title="bbox 289 2811 1306 2833; baseline -0.007 7"><span class='ocrx_word' id='word_1_270' title='bbox 289 2824 291 2826; x_wconf 87' lang='lat'>·</span> <span class='ocrx_word' id='word_1_271' title='bbox 1285 2811 1306 2833; x_wconf 63' lang='lat' dir='ltr'><strong>vlf</strong></span> 
     </span>
    </p>
   </div>
   <div class='ocr_carea' id='block_1_3' title="bbox 1351 2801 2240 2864">
    <p class='ocr_par' dir='ltr' id='par_1_3' title="bbox 1351 2801 2240 2864">
     <span class='ocr_line' id='line_1_37' title="bbox 1351 2801 2240 2864; baseline -0.009 0"><span class='ocrx_word' id='word_1_272' title='bbox 1351 2827 1382 2864; x_wconf 86' lang='lat'>2</span> <span class='ocrx_word' id='word_1_273' title='bbox 2054 2801 2171 2857; x_wconf 73' lang='lat' dir='ltr'><strong>tissi·</strong></span> <span class='ocrx_word' id='word_1_274' title='bbox 2236 2813 2240 2816; x_wconf 72' lang='grc'><em>’</em></span> 
     </span>
    </p>
   </div>
  </div>
 </body>
</html>
