2263 3027
858 89 1349 141 ROMANORVM.
1595 48 1598 50 i
1976 106 2070 162 763

136 216 184 261 in
206 214 326 261 libro
352 215 501 262 Italice
521 215 668 262 edito:
705 217 890 261 Camera
921 213 977 260 ed
1001 212 1268 262 Inscrizione
1293 213 1528 279 sepulcrali
1559 213 1628 264 de’
1648 215 1845 271 Liberti,
1878 221 2008 266 Servi
2030 236 2075 268 et

89 320 91 322 .
125 277 329 330 'Vfficiali
348 283 473 330 ¹della
494 281 596 330 Casa
627 282 673 328 di
694 280 909 345 Augusto.
940 284 1111 329 Romae
1144 297 1285 345 1727.
1307 281 1385 329 fol.
1412 300 1512 348 pag.
1540 300 1614 332 22.
1685 288 1754 331 De
1774 284 2073 335 Ostiariorum

132 351 282 397 Palatii
305 365 348 395 et
370 349 582 397 Ecclesiae
604 347 766 398 officiis·
783 366 893 411 quae
919 365 1010 394 non
1038 351 1155 396 inter
1191 351 1296 397 vilia
1325 366 1396 397 aut
1425 350 1592 398 abiesta
1610 353 1848 399 reiicienda
1869 351 1944 400 sed
1979 372 2073 402 ma-

131 418 232 478 gnis
262 411 550 479 dignitatibus
570 414 853 463 adscribenda
878 414 1002 470 sunt,
1040 417 1144 464 vide
1172 419 1330 479 Cangii
1360 416 1616 478 glossarium
1645 434 1687 466 et
1709 421 1866 481 Begeri
1894 419 2069 485 spicile-

122 486 259 546 ›gium
285 487 555 549 antiquitatis
579 501 626 549 p.
652 491 727 538 80.
797 483 934 547 Apud
964 485 1158 530 eundem
1179 489 1399 546 Begerum
1432 504 1474 550 p.
1499 494 1574 546 83.
1596 503 1870 534 memoratur
1891 488 2072 535 Tiberii

105 550 325 602 fCaesaris
347 549 612 616 Pedisequus
639 550 887 614 primianus
910 568 1010 615 pag.
1041 567 1149 615 103.
1170 550 1404 616 atrienses,
1435 555 1677 611 arcellarii,
1715 569 1758 600 et
1778 557 1932 601 arcarii
1953 554 2069 602 serui

130 635 228 682 pag.
259 635 277 666 1
293 634 364 668 12.
388 637 410 666 ‘1
432 637 501 680 13.
577 621 647 664 De
669 635 798 664 more
818 619 957 682 pedes
983 620 1212 666 venalium
1247 622 1577 685 mancipiorum
1609 637 1725 668 creta
1754 622 1940 670 notandi
1962 624 2068 671 vide

128 688 502 751 Dalechampium
524 685 578 731 ad
603 685 715 733 Plin,
742 700 816 745 35·
847 702 918 746 ¹7·
947 686 1069 734 vnde
1097 684 1382 751 perspicuum
1404 687 1467 734 est
1493 706 1587 753 cap.
1618 699 1690 746 18.
1709 706 1802 735 non
1823 690 2068 751 legendum

130 771 233 800 cum
255 756 406 801 codice
427 754 618 811 Bintiani
639 759 826 799 ocreatis*
845 750 1041 819 pedibus,
1074 752 1147 800 sed
1173 760 1367 802 cretatis.
1438 759 1506 802 De
1530 754 1666 803 seruis
1687 756 1740 802 ad
1766 756 1960 804 mensam
1985 760 2067 805 mi-

129 821 414 868 nistrantibus
432 819 637 867 Stuclzius
657 822 863 883 antiquit,
886 822 1121 868 Conuiual.
1147 823 1202 871 ll.
1225 835 1286 872 20
1316 820 1376 886 sq.
1410 839 1455 886 p.
1475 836 1575 872 202
1593 822 1655 887 sq.
1699 824 1779 872 lll.
1803 840 1842 886 3.
1880 841 1927 889 p.
1948 831 2065 882 286.-

129 889 185 936 de
210 887 499 935 inuitantibus
531 887 653 934 idem
677 884 893 949 ll.‘-3.,de
921 885 1155 935 seruorum
1185 887 1308 935 vifi’tu
1334 907 1382 936 ac
1414 891 1569 936 diaeta.
1639 891 1764 937 ldem
1787 890 1822 938 Ι.
1848 905 1928 941 22.
1995 896 2067 940 De

124 956 314 1019 aquariis
334 972 583 1018 eorumque
605 956 758 1002 variis·
768 955 1009 1017 generibus
1037 957 1310 1003 Bianchinus
1336 956 1415 1003 lib.
1445 958 1514 1002 cit.
1545 973 1643 1021 pag.
1667 973 1740 1007 20.
1764 972 1807 1003 et
1827 960 2067 1020 Pignorius

124 1039 170 1088 p.
198 1032 303 1079 180.
375 1027 443 1069 De
468 1025 565 1069 iure
585 1024 700 1069 vitae
721 1023 767 1069 et
787 1025 907 1069 necis
932 1023 1050 1087 apud
1066 1028 1264 1072 Graecos
1284 1028 1443 1085 negato
1467 1025 1665 1070 dominis
1688 1027 1735 1070 in
1755 1022 1921 1080 seruos,
1947 1028 2067 1090 apud

124 1093 353 1137 Romanos
374 1088 602 1145 concesso,
637 1088 889 1136 Desiderius
910 1092 1135 1156 Her-aldus
1161 1109 1204 1157 p.
1228 1100 1322 1151 287
1343 1090 1404 1156 sq.
1438 1089 1875 1138 animaduersionum
1910 1092 2067 1141 in-Sal-

122 1156 322 1205 mafium.
392 1162 461 1206 De
486 1159 781 1205 dominorum
815 1160 861 1204 in
894 1155 1046 1205 seruos
1069 1175 1112 1206 et
1131 1163 1369 1206 Parentum
1396 1162 1441 1206 in
1462 1158 1603 1206 libros
1624 1158 1837 1224 potestate
1860 1159 2066 1208 constitu-

123 1224 322 1272 tionibus
342 1228 604 1290 Principum
628 1227 819 1274 coercita
840 1227 1029 1274 Grotius
1050 1244 1151 1291 pag.
1180 1243 1196 1276 1
1212 1244 1234 1289 5
1260 1224 1321 1290 sq.
1349 1227 1514 1273 florum
1546 1225 1780 1291 sparsionis
1795 1261 1808 1281 ‚
1847 1244 1889 1274 et
1908 1232 2065 1275 Petrus

123 1292 267 1340 Faber
289 1292 372 1340 ΙΙΙ.
400 1304 475 1341 16.
498 1309 597 1356 pag.
623 1302 721 1340 220
742 1291 836 1354 sqq.
857 1291 1151 1342 semestrium.
1222 1296 1393 1350 Dotales
1414 1292 1528 1340 serni
1548 1309 1591 1340 et
1606 1300 1823 1360 recepticii
1842 1310 2063 1342 vocantur

125 1361 204 1422 qui
225 1360 272 1404 in
297 1359 444 1404 mariti
465 1357 679 1422 pot'estate
701 1374 794 1402 non
817 1374 968 1412 erant,
1002 1357 1075 1405 sed
1109 1362 1243 1406 vxori
1264 1361 1533 1423 peculiares,
1568 1363 1738 1425 quippe
1758 1364 1934 1426 excepti
1954 1379 2060 1409 cum

122 1426 311 1489 pecunia
330 1442 463 1488 quam
488 1425 561 1472 illa
579 1441 667 1489 pro
697 1423 828 1470 libitu
850 1423 1058 1472 traRabat
1076 1460 1089 1479 ,
1116 1444 1207 1473 ‘nec
1226 1427 1313 1473 dati
1333 1426 1441 1473 doti.
1512 1428 1628 1474 Vide
1650 1444 1761 1491 quae
1782 1429 1837 1475 ad
1856 1430 2060 1476 Gellium

121 1494 266 1557 XVII.
287 1497 332 1540 6.
359 1509 403 1539 et
430 1492 570 1539 Plauti
598 1491 842 1540 Asinariam
877 1491 976 1540 Ast.
1015 1509 1053 1541 Ι,
1083 1491 1197 1540 scen.
1225 1514 1263 1542 1.
1291 1492 1404 1541 vers.
1428 1510 1506 1555 72.
1580 1494 1940 1543 Menumiffionis
1961 1499 2059 1544 Ser-

92 1595 94 1597 >
122 1575 286 1606 uorum
310 1575 404 1606 non
426 1577 542 1606 vnus
562 1561 673 1606 ritus
693 1557 802 1605 fuit:
842 1550 1271 1607 manumittebantur
1291 1564 1411 1608 enim
1430 1562 1504 1608 vel
1531 1565 1582 1623 ι)
1604 1564 1656 1608 ad
1676 1563 1857 1627 plenam
1879 1563 2059 1612 liberta·
2092 1593 2096 1596 «

120 1641 211 1673 tem
233 1642 365 1689 atque
386 1629 469 1680 ita5
503 1642 554 1673 vt
579 1628 697 1674 ciues
728 1629 781 1671 R.
817 1625 1005 1681 fierent,
1052 1628 1263 1681 υίηιίἰὲἶα,
1296 1627 1385 1675 fine
1418 1630 1544 1690 virga
1574 1633 1792 1677 Praetoris
1819 1632 2058 1696 alapaeque

117 1692 372 1741 inssifflone
395 1700 436 1723 ²¹
465 1710 508 1740 et
533 1692 709 1740 astione
735 1695 782 1740 in
804 1695 1049 1741 circulum:
1081 1695 1156 1742 vel
1177 1697 1294 1758 censii
1314 1712 1388 1743 aut
1407 1697 1601 1760 denique
1626 1699 1878 1761 astumatum,
1903 1700 2051 1745 videa-

119 1775 192 1807 tur
214 1762 428 1807 Boethius
454 1761 486 1808 Ι.
509 1761 561 1806 ad
581 1763 759 1825 Topica
782 1764 1015 1808 Ciceronis
1038 1780 1082 1827 p.
1108 1778 1220 1825 271.
1244 1770 1289 1794 2²
1319 1764 1395 1811 vel
1428 1764 1479 1825 2)
1504 1768 1583 1819 ita,
1618 1781 1668 1811 vt
1691 1767 1985 1830 impetrarent
2007 1767 2057 1813 li-

118 1827 334 1883 bertatem
356 1845 448 1874 non
471 1826 626 1875 iustam
643 1862 658 1887 ‚
693 1826 943 1892 fierentque
964 1832 1111 1876 Latini
1134 1833 1244 1877 iuris
1267 1848 1360 1878 non
1382 1834 1647 1897 Qiritium,
1669 1850 1751 1897 per
1769 1835 1969 1900 epzstolam
1994 1840 2054 1888 23,

117 1896 193 1943 vel
211 1901 327 1941 inter
346 1900 499 1942 amicos
519 1911 561 1943 et
580 1900 767 1942 conuiuii
790 1895 1057 1945 adhibitione.
1130 1899 1246 1945 Vide
1276 1915 1388 1961 quae
1421 1900 1474 1946 ad
1499 1903 1708 1947 Senecam
1732 1901 1788 1947 de
1819 1904 1911 1948 vita
1931 1900 2056 1949 beata

116 1981 152 2009 c.
177 1979 252 2025 24.
323 1963 388 2012 lta
407 1961 660 2015 manumissi
679 1963 861 2027 quidam
884 1981 976 2011 non
1002 1965 1135 2030 plene
1155 1964 1229 2022 sed
1249 1967 1775 2032 conditioneoperarum
1802 1970 1876 2016 vel
1900 1967 2054 2016 census

115 2031 264 2077 annui.
294 2034 298 2038 ’
334 2030 450 2086 Vide
469 2033 691 2092 Cangium
722 2033 769 2078 in
801 2034 1009 2097 capitales.
1082 2034 1292 2080 Libertus
1320 2033 1410 2081 siue
1442 2033 1732 2088 manumissos
1761 2039 1957 2099 ingratos
1985 2035 2052 2083 fas

40 2110 44 2113 ’
115 2112 206 2145 erat
227 2114 248 2143 a
267 2098 479 2147 Dominis
500 2095 586 2143 suis
616 2099 955 2155 iterumuddici
985 2102 1033 2147 in
1060 2096 1345 2157 seruitutem⁷
1380 2103 1500 2150 vnde
1528 2107 1568 2150 S.
1592 2103 1852 2157 Ambrosius
1884 2121 1974 2168 cap.
2007 2118 2050 2161 3.

116 2166 170 2212 de
200 2164 360 2212 lacobo
384 2179 426 2209 et
450 2166 538 2210 vita
558 2163 679 2211 beata
702 2180 827 2212 tomo
861 2179 896 2214 1..
919 2184 962 2231 p.
986 2176 1048 2223 48
1060 2180 1099 2220 8.
1171 2172 1238 2215 Ita
1267 2169 1507 2215 libertatem
1534 2172 1728 2234 accepisti,
1761 2183 1811 2218 vt
1832 2169 2049 2233 memimffi‘

48 2279 50 2281 ,
115 2229 420 2294 manumlſjbrls
451 2237 517 2278 tui
544 2229 688 2278 debeas
706 2265 718 2285 ‚
752 2246 802 2279 vt
828 2247 1011 2299 patrono
1037 2248 1110 2281 tuo
1141 2242 1315 2290 noueris
1341 2237 1572 2299 legitimum
1605 2236 1839 2300 obsbquium
1865 2239 2049 2301 deferen-

96 2334 99 2337 ⁴
117 2303 234 2356 dum,
262 2317 312 2345 ne
333 2298 385 2343 'ab
407 2305 579 2364 ingrato
599 2313 825 2346 reuocetur
842 2300 1036 2357 libertas:
1054 2332 1057 2333 ν
1099 2303 1227 2348 Adde
1252 2300 1594 2349 Gothofredum
1616 2304 1667 2349 ad
1689 2304 1796 2349 Cod.
1816 2301 2048 2357 Theodos.

110 2367 175 2416 ll.
200 2381 276 2417 22.
309 2371 384 2414 lv.
410 2382 428 2413 1
446 2384 481 2411 1.
516 2382 557 2411 et
582 2369 658 2412 lac.
682 2371 823 2421 Henr.
845 2369 1000 2415 Bornii
1022 2366 1183 2415 dissert.
1209 2368 1269 2429 de·
1286 2371 1446 2433 poenis
1472 2371 2046 2431 ingratorumhbertorum

115 2436 228 2498 apud
252 2438 492 2480 Romanos.
518 2429 639 2496 Lipss
668 2441 802 2493 (738.
833 2432 836 2433 ⁷
872 2439 1083 2482 Ceterum
1120 2436 1175 2482 de
1210 2435 1547 2484 manumissione
1588 2436 1768 2500 eiusque
1802 2439 2044 2500 generibus

115 2519 162 2550 ac
181 2501 339 2549 ritibus
362 2499 520 2548 confer
543 2503 815 2565 lnterpretes
836 2501 892 2548 ad
916 2504 1127 2550 Tacitum
1151 2502 1229 2552 lib.
1259 2518 1276 2550 1
1292 2519 1331 2564 3.
1351 2505 1492 2552 annal.
1516 2522 1608 2570 cap.
1630 2520 1704 2565 27.
1773 2504 2044 2554 Briss'onium

1963 2572 2043 2622 hb,

172 2675 206 2694 ²¹
236 2671 335 2710 Vide
351 2671 556 2711 Libanium
575 2671 686 2709 Tom.
713 2682 749 2711 2.
774 2684 857 2724 pag.
876 2682 970 2723 250.

171 2727 208 2750 ²²
237 2725 379 2765 Confer
401 2726 627 2766 Briffonium
658 2726 724 2764 lib.
744 2738 781 2778 7.
805 2727 853 2765 de
874 2726 1046 2766 formulis
1071 2741 1156 2780 pag.
1175 2726 1259 2781 639
1279 2735 1315 2767 et
1335 2726 1430 2781 66ς41
1457 2769 1460 2772 ⁴

171 2782 206 2811 ³3
241 2780 340 2820 Vide
361 2782 609 2824 Gaulminum
642 2795 724 2836 pag.
741 2794 806 2836 41.
828 2782 874 2822 acl
895 2782 1145 2823 Eustachium.
