2263 3027
700 119 953 175 stGLAE
1005 121 1101 174 ET
1148 120 1371 176 Assaci.
1439 94 1449 97 “
1911 132 2008 189 805
2053 131 2061 143 ’-

202 253 300 299 XV.
337 252 408 297 De
434 251 555 295 notis
585 262 628 295 et
663 246 779 310 siglis
803 246 893 294 siue
916 245 1098 310 singulis
1126 250 1307 307 litteris,
1343 264 1455 313 quae
1484 247 1558 294 vel
1588 249 1635 295 in
1665 249 1814 294 numis
1842 248 1915 294 vel
1945 251 2011 295 in-

65 317 409 383 scriptionibus,
449 313 633 379 aliisque
655 317 847 379 antiquis
881 319 1188 364 monumentis
1210 315 1361 381 paffim
1394 316 1666 363 adhibentur
1694 316 1747 362 ad
1778 332 1914 363 voces
1944 318 2010 362 in-

70 403 213 448 tegras
246 382 574 447 significandas,
620 384 770 447 plures
810 380 1049 447 scriptores
1093 385 1268 431 laudaui
1300 387 1344 430 in
1387 383 1661 431 bibliotheca
1691 384 1825 430 latina
1859 382 1935 430 lib.
1964 400 2009 447 4.

73 472 166 519 cap.
187 461 232 502 6.
266 453 347 500 vbi
378 452 434 499 de
466 452 632 498 Valerii
653 449 816 504 Probi,
851 453 1115 513 Magnonis⁷
1154 454 1272 499 Petri
1300 454 1512 506 Diaconi,
1550 468 1594 499 et
1621 453 1814 498 aliorum
1846 449 2013 498 libellis

75 523 129 568 de
153 524 284 568 notis.
353 519 530 584 Qibus
552 518 736 564 addatur
759 521 814 563 D.
832 521 884 565 R.
908 521 1227 584 Carpentierii,
1267 524 1322 566 Ο.
1347 523 1385 567 S.
1400 525 1446 572 B.
1471 519 1775 584 Alphabetum
1798 521 2011 565 Tironia-
2077 560 2081 562 .

70 605 207 648 num3
242 588 331 636 siue
354 602 478 634 notas
506 587 694 631 Tironis
715 586 971 650 explicandi
1001 588 1254 634 methodus
1283 586 1452 634 Parisiis
1484 603 1620 650 1747.
1641 585 1722 634 fol.
1752 601 1795 633 et
1820 590 2010 638 Imm-an.

70 658 191 703 Frid.
215 656 429 718 Gregorii
455 649 617 701 differt.
650 653 704 699 de
727 651 950 707 scribendi
971 672 1135 716 genere
1156 651 1231 705 διαὶ
1256 657 1437 715 σημείων
1469 658 1709 720 praecipue
1741 655 1860 719 apud
1892 669 2012 701 vete-

70 742 140 770 res
167 728 416 774 Romanos‚
448 718 559 783 quae
580 721 744 782 legitur
767 723 868 768 Vol.
892 736 934 771 2.
967 720 1062 769 Ast.
1088 720 1236 769 societ.
1259 724 1443 769 Latinae
1468 723 1660 770 lenensis
1682 739 1780 787 pag.
1804 737 1900 782 104
1918 719 2012 786 sqq.

71 787 493 850 Graecorumlsiglas
521 786 825 853 exposuerunt
847 791 997 854 Scipio
1028 787 1241 837 Maffeius
1263 791 1310 836 in
1337 793 1617 837 Graecorum
1636 789 1752 852 figlis
1783 790 2011 854 lapidariis

70 858 267 906 colle'ffls
290 874 333 905 et
354 856 599 920 explicatis.
621 861 829 904 Veronae
859 866 998 919 1746.
1021 866 1064 913 8.
1098 873 1141 904 et
1160 858 1394 905 Edu-ardus
1415 856 1625 905 Corfinus
1648 860 1696 904 in
1730 860 1852 904 notis
1875 861 2013 905 Grae-

71 944 250 980 corum,
289 924 378 972 fiue
399 932 565 971 vocum
601 939 644 970 et
673 941 970 972 numerorum
1001 926 1306 988 compendiis,
1342 943 1453 988 quae
1486 927 1535 970 in
1565 928 1705 972 aereis
1738 939 1869 987 atque
1899 942 2013 972 mar-

68 997 237 1041 moreis
258 998 538 1042 Graecorum
567 993 727 1038 tabulis
761 990 1068 1045 obseruantur.
1090 993 1346 1040 Florentiae
1385 1007 1522 1054 1749.
1548 990 1641 1038 fol.v
1708 992 1778 1039 Ad
1800 1009 1934 1055 quern
1965 993 2013 1037 li-

69 1063 203 1108 brum
228 1061 391 1108 deinde
411 1057 600 1119 acceffit‚
637 1061 773 1107 index
796 1075 1005 1108 notarum
1030 1064 1334 1116 Graecorum,
1368 1077 1479 1124 quae
1501 1061 1548 1105 in
1570 1060 1710 1106 aereis
1740 1074 1872 1123 atque
1903 1076 2014 1106 mar·

68 1132 235 1185 moreis
257 1133 536 1177 Graecorum
559 1127 720 1174 tabulis
741 1126 1055 1182 obseruantur',
1095 1143 1333 1194 excerptus
1355 1145 1409 1175 ex
1433 1144 1573 1193 opere
1599 1127 1653 1175 de
1675 1129 1793 1174 notis
1818 1131 2011 1177 Graeco-

67 1215 170 1245 rum
192 1197 311 1245 edito
332 1196 384 1261 ab
405 1195 615 1263 Eduardo
639 1194 839 1243 Corfino.
859 1194 970 1246 ibid.
999 1211 1142 1260 1752.
1164 1206 1207 1254 8.

202 1335 324 1378 XVI.
354 1331 482 1378 Abaci
499 1333 662 1378 veteris
681 1331 917 1387 rationem,
951 1348 1042 1394 quo
1062 1330 1126 1376 vfi
1148 1329 1250 1377 sunt
1270 1330 1571 1388 calculatores,
1599 1331 1775 1394 primus
1794 1330 1842 1375 in
1862 1329 2010 1377 lucem

70 1398 262 1463 protulit
284 1401 464 1446 Marcus
487 1396 694 1444 Velserus
718 1398 833 1443 edita
854 1413 896 1444 et
915 1397 1122 1444 illustrata
1146 1395 1295 1444 forma
1321 1398 1443 1445 abaci
1475 1399 1719 1444 numerarii
1748 1398 1873 1445 aenei
1902 1399 2012 1444 anti·

4 1518 8 1520 Α
71 1468 172 1529 qui,
208 1467 332 1513 cuius
362 1464 442 1530 ipfi
469 1468 644 1532 copiam
680 1461 846 1512 fecerat
869 1464 1139 1513 Clarissimus
1169 1467 1374 1513 Medicus
1407 1465 1646 1529 Adolphus
1676 1469 1815 1517 Occo,
1894 1466 2013 1513 Vide

69 1530 243 1581 Velseri
265 1550 401 1598 opera
424 1551 467 1599 p.
486 1548 598 1598 422.
623 1542 717 1592 819
742 1548 785 1579 et
809 1541 917 1590 842.
988 1534 1190 1581 Eandem
1210 1533 1332 1581 abaci
1360 1531 1556 1580 formam
1577 1550 1600 1579 a
1624 1530 1809 1580 Velsero
1842 1535 2012 1598 accepit
2050 1588 2055 1595 .

70 1603 292 1648 Gruterus
315 1602 393 1664 qui
416 1617 579 1663 magno
605 1597 953 1666 inscriptionum
975 1603 1106 1666 operi
1128 1618 1228 1665 pag.
1243 1618 1355 1658 224.
1377 1616 1420 1648 et
1442 1605 1652 1648 Laurent.
1674 1602 1912 1663 Pignorius
1934 1602 2014 1665 qui

68 1665 256 1714 inseruit
277 1668 395 1715 libro
418 1669 473 1717 de
492 1666 654 1727 seruis,
689 1667 769 1715 vbi
794 1668 848 1716 de
877 1668 1218 1716 calculatoribus
1245 1667 1325 1734 ipfi
1351 1666 1497 1715 sermo
1520 1666 1603 1721 est,
1640 1685 1740 1733 pag.
1767 1684 1874 1730 339.
1906 1669 2014 1716 vide

68 1751 111 1782 et
123 1734 351 1782 Andream
364 1738 599 1782 Schottum
625 1736 853 1782 nodorum
868 1737 1149 1785 Ciceronian.
1175 1736 1251 1784 lib.
1268 1752 1307 1786 2-
1331 1740 1483 1802 cap.6.
1553 1739 1711 1798 Cangii
1733 1733 2010 1798 glossarium,

67 1803 344 1864 florilegium
357 1804 720 1850 Zimmermanni
741 1818 785 1851 et
797 1805 898 1851 Viri
910 1804 1206 1854 Celeberrimi
1229 1808 1289 1852 Io.
1303 1805 1522 1852 Matthiae
1542 1801 1733 1852 Gesneri
1755 1801 2013 1852 thesaurum

66 1870 246 1933 linguae
268 1870 427 1919 latinae
448 1873 496 1918 in
515 1869 688 1920 Abas-us.

205 2005 347 2055 XVII.
378 2009 448 2053 De
467 2007 738 2055 Iudaeorum
770 2008 817 2054 in
851 2023 944 2054 non
970 2008 1160 2055 Iudaeos
1193 2009 1333 2070 vsitris
1361 2006 1590 2053 adeundus
1612 2003 1934 2069 Wagenseilius
1962 2009 2010 2055 in

70 2071 168 2140 telis
201 2073 344 2133 igneis
364 2076 542 2121 Satanae
569 2093 668 2140 pag.
701 2092 797 2137 534
825 2074 887 2139 sq.
920 2080 998 2140 qui
1029 2094 1122 2140 pag.
1157 2084 1249 2135 598
1281 2073 1340 2139 sq.
1373 2072 1563 2139 disputat
1585 2077 1716 2122 etiam
1738 2076 1793 2123 de
1821 2092 1873 2122 eo
1898 2092 2009 2122 num

72 2137 315 2186 secundum
345 2143 592 2204 Deuteron.
635 2146 795 2190 XXIII.
821 2159 876 2201 19
902 2141 961 2207 sq.
1004 2144 1176 2191 Iudaeis
1204 2144 1332 2190 liceat
1359 2142 1635 2205 Christianos
1660 2141 1802 2189 vsuris
1833 2160 2010 2191 vexare.

71 2203 205 2253 Conf.
225 2204 420 2254 eiusdem
434 2210 702 2271 21113cigung,
725 2212 802 2257 mie
825 2225 874 2272 με
897 2211 1038 2273 {Rege
1057 2226 1105 2273 gu
1131 2216 1334 2273 bringeri„
1370 2211 1452 2269 ῠαῇ
1478 2214 1540 2257 bie
1563 2210 1718 2268 &uben
1750 2208 1861 2273 nicht
1891 2209 2009 2270 mehr

71 2276 136 2322 bie
157 2274 353 2336 OEbtisten
375 2279 526 2338 magen
549 2280 625 2325 mit
643 2275 860 2340 §Budgern
883 2285 970 2327 uno
992 2278 1248 2341 &dginbent
1286 2284 1337 2323 A.
1369 2289 1505 2336 1705.
1530 2283 1571 2331 8.
1639 2277 1792 2323 Nicol.
1816 2280 2009 2323 Conme-

73 2346 186 2387 n‘um
205 2343 479 2408 Papadopoli
503 2359 703 2408 praenot.
726 2344 1014 2407 mystagogic.
1049 2362 1093 2408 p.
1124 2351 1229 2400 198.
1301 2341 1556 2389 Salmafium
1580 2343 1633 2388 de
1655 2341 1839 2398 foenere
1866 2359 2029 2408 trape·⁴
2053 2378 2056 2379 γ

73 2410 204 2455 zitico
225 2417 392 2475 p.673.
417 2421 508 2473 683
524 2408 615 2474 sqq.
685 2413 805 2462 Ioan.
826 2412 1181 2460 Iac.Schudtium
1206 2411 1253 2456 in
1277 2412 1439 2457 Iudaeo
1466 2408 1727 2457 Christicida
1749 2428 1792 2475 p.
1811 2425 1828 2457 1
1847 2427 1859 2457 ι
1877 2427 1898 2471 3
1914 2409 2010 2476 sqq.

2 2500 21 2534 μ
77 2489 119 2522 et
142 2478 190 2522 in
211 2477 578 2525 memorabilibus
605 2478 786 2525 iudaicis
803 2494 912 2526 tom.
937 2498 976 2528 2.
998 2498 1042 2544 p.
1072 2495 1162 2539 174
1183 2476 1273 2541 sqq.
1298 2494 1340 2524 et
1363 2479 1466 2524 loan
1504 2475 1673 2540 Wolfg.
1708 2476 1912 2525 Hilliseri
1937 2479 2012 2526 de·

0 2556 23 2581 >·
76 2543 470 2603 monstrationem,
507 2548 586 2607 oct}
615 2546 850 2605 betffit‘xben
873 2547 1153 2610 {eucherium
1174 2544 1629 2607 vetiuetffid).Norib.
1660 2554 1799 2606 1658.
1869 2545 2010 2610 Qod

0 2649 25 2671 .-
76 2625 221 2657 autem
251 2614 411 2661 eodem
444 2614 789 2661 Deuteronomii
828 2615 874 2658 in
909 2613 1009 2660 loco
1039 2614 1112 2660 lex
1149 2613 1334 2659 Iudaeos
1366 2629 1388 2658 a
1419 2609 1555 2658 fratre
1591 2610 1767 2660 vsuram
1808 2616 2010 2678 accipere

0 2707 2 2740 1
24 2683 28 2722 ζ
75 2678 309 2739 prohibet,
343 2683 461 2736 inter
483 2683 563 2728 alia
583 2678 729 2727 forsan
751 2681 851 2726 ideo
878 2678 1064 2732 faetum,
1106 2680 1228 2743 quod
1250 2681 1456 2742 iniquum
1478 2680 1709 2727 videretur
1745 2679 1796 2727 ab
1826 2698 1879 2727 eo
1909 2679 2007 2728 vsu-

0 2747 29 2792 *3
76 2759 169 2789 ram
202 2748 506 2806 mordentem,
542 2761 671 2820 Ἲωῡ,
707 2753 938 2813 expetere,
975 2750 1052 2814 qui
1082 2762 1377 2795 mercaturam
1407 2764 1503 2795 non
1535 2747 1789 2808 exercebat,
1828 2745 1903 2796 sed
1932 2749 2008 2795 vel

140 2811 246 2858 Vol.
266 2827 314 2862 2.
1198 2817 1235 2860 Z
1893 2832 2003 2878 agro
