2263 3027
197 94 294 146 842
331 84 479 138 CAP.
501 83 685 137 XVIII.
753 80 1006 136 VESTES
1042 78 1476 133 MONACHOR.
1513 78 1610 133 ET
1644 80 2004 139 CLERICOR.

191 211 310 261 libro
341 216 393 261 A.
426 219 568 275 1674.
599 210 721 259 edito
749 210 906 273 gallice
931 210 981 256 de
1007 209 1170 263 I’Etole,
1205 208 1260 256 de
1289 206 1408 256 stola.
1480 209 1592 254 Ioan.
1612 211 1773 254 Bonam
1801 206 1880 257 lib.
1911 224 1946 257 1.
1975 226 2127 261 rerum

190 282 384 342 liturgic.
419 298 513 346 cap.
550 298 625 341 24.
693 283 933 346 Pompeium
971 279 1154 324 Sarnelli
1189 275 1374 342 epistola
1401 274 1694 324 Ecclesiastica
1727 279 1804 325 ΙΙΙ.
1842 276 1925 323 vbi
1955 279 2128 342 probat,

190 353 231 397 S.
256 351 507 396 Antonium
530 347 645 396 male
666 349 713 394 in
736 344 1069 406 Pontifiealibus
1101 346 1230 411 pingi
1257 346 1533 392 ornamentis
1555 360 1599 392 et
1619 344 1814 393 Abbates
1836 361 1919 410 per
1944 344 2129 408 singula·

190 419 254 464 ria
277 417 512 481 priuilegia
532 418 609 464 diu
631 415 730 480 post
755 416 826 462 illa
847 413 1043 476 gestandi
1065 415 1132 462 ius
1148 411 1386 479 'aceepisse‚
1421 429 1464 460 et
1484 412 1669 477 epistola
1691 416 1810 459 XVI.
1831 413 1911 459 vbi
1933 413 1988 460 de
2009 412 2133 460 habi-

190 501 239 532 tu
260 486 464 534 clericali.
512 486 692 551 Philippi
711 488 904 531 Bonamzi
925 499 1038 547 opus
1053 515 1064 535 ,
1100 482 1140 528 la
1162 483 1407 530 Gerarchia
1426 480 1701 528 ecclefiastica
1722 479 1992 529 considerata
2013 481 2130 529 nelle

190 552 312 601 veste
334 551 455 616 sagre
475 571 499 601 e
522 553 660 600 ciuili.
682 555 852 599 Romae
880 565 1015 612 1720.
1037 566 1084 612 4.
1161 553 1248 597 His
1268 550 1462 597 addendi
1486 550 1700 612 Altesi’rra
1721 564 1765 596 et
1783 549 1856 596 ahi
1877 550 1931 596 ad
1961 548 2153 596 librum'

192 623 248 669 de
268 623 373 668 vitis
392 620 688 674 Pontificum,
725 621 846 667 idem
867 615 1087 668 Alteserra
1111 618 1157 664 in
1181 615 1392 665 Asceticis
1415 617 1491 665 lib.
1516 634 1557 677 ς.
1579 634 1670 682 cap.
1694 633 1763 678 ¹7·
1787 617 1863 664 lib.
1879 623 1921 666 6.
1944 634 1976 663 c.
2000 633 2015 663 ι
2030 613 2130 680 3sq.
2211 642 2214 649 ¹

191 691 340 737 Macri
358 688 516 737 fratres
538 691 585 736 in
616 689 918 740 hierolexico,
955 687 1148 747 Cangius
1170 688 1214 732 in
1239 683 1447 748 gloffario
1469 700 1687 749 Vtroque,
1725 685 1909 732 Iacobus
1934 689 2057 733 Goar
2078 686 2133 731 ad
2189 693 2193 697 ’

192 758 517 820 euchologium
549 753 852 810 Graecorum,
896 759 1036 817 Hugo
1061 755 1306 800 Menardus
1336 754 1390 800 ad
1417 756 1628 815 Gregorii
1659 756 1722 800 M.
1743 750 2134 801 sacramentarium
2221 748 2256 792 ’ἓν

190 845 292 893 pag.
331 836 441 889 362.
482 829 560 891 qui
598 825 697 891 post
718 835 829 889 364.
861 825 1052 885 *iconem
1081 824 1124 870 S.
1146 823 1343 884 Remigii
1372 819 1501 868 sacris
1532 819 1727 868 vestibus
1758 821 1905 868 induti
1935 820 2133 867 exhibet.
2228 832 2234 839 ⁴

191 893 300 943 Aila
321 892 577 944 sanilorum
599 896 719 941 Iunii
738 909 866 940 tomo
900 907 934 940 1.
958 907 1056 955 pag.
1078 897 1176 952 458
1198 887 1257 954 sq.
1286 889 1366 937 vbi
1387 891 1441 936 de
1462 887 1626 935 amiau
1647 887 1895 955 pontificali
1916 903 1960 936 et
1981 905 2135 935 mona-

194 963 332 1016 chali,
370 978 413 1009 et
433 962 735 1027 propylaeum
766 962 819 1007 ad
842 957 935 1007 agia
959 955 1213 1004 sanstorum
1235 958 1348 1004 Maii
1378 974 1477 1021 pag.
1506 961 1620 1006 *161
1654 971 1698 1004 et
1726 956 1845 1012 ’⁵228
1873 955 1936 1020 sq.
1967 956 2047 1003 vbi
2078 956 2135 1003 de
2215 982 2242 1016 :q

190 1030 330 1098 pallio
350 1046 392 1077 et
413 1031 508 1077 aliis
530 1027 863 1103 pontificalibus
886 1027 1184 1078 ornamentis,
1218 1039 1261 1072 et
1281 1026 1328 1070 in
1350 1026 1700 1088 paralipomenis
1728 1042 1826 1088 pag.
1848 1041 1914 1087 94
1933 1022 1994 1089 sq.
2064 1027 2135 1071 De

190 1096 469 1147 vestimentis
494 1099 825 1144 monachorum
850 1092 984 1141 exstat
1006 1095 1178 1153 Georg.
1204 1093 1545 1139 Henr.Goetzii
1565 1090 1751 1138 diatriba
1774 1093 1976 1148 Lubecae
1993 1106 2134 1154 1719.
2223 1090 2239 1152 :i

190 1171 262 1215 De
283 1167 477 1230 antiquis
506 1166 679 1212 Ordinis
699 1162 995 1210 Dominicani‘
1020 1158 1216 1207 vestibus
1248 1159 1355 1206 vide
1388 1162 1442 1205 Io.
1464 1161 1741 1224 Qetiftom.
1769 1175 1804 1207 1.
1827 1160 1882 1206 de
1906 1158 2135 1224 scriptori·

190 1235 275 1283 bus
299 1235 472 1281 ordinis
491 1232 851 1280 Praedicatorum
874 1246 973 1294 pag.
995 1243 1056 1288 75
1081 1224 1141 1292 sq.
1219 1230 1287 1275 De
1311 1229 1666 1276 patriarcharum
1696 1243 1856 1274 ornatu
1876 1242 1919 1274 et
1940 1227 2135 1275 vestibus
2216 1218 2239 1252 ³

191 1301 352 1351 confer
372 1317 483 1348 tom.
509 1317 546 1349 1.
569 1301 679 1347 iuris
701 1312 1043 1363 graecoromam
1073 1312 1170 1361 pag.
1198 1310 1311 1359 447.
1380 1299 1449 1342 De
1467 1295 1606 1361 pallio
1638 1293 1886 1346 Pontificali
1909 1311 1952 1343 et
1976 1296 2136 1343 Archi-

190 1369 434 1436 episcopali
455 1365 614 1416 confer
637 1383 812 1434 praeter
846 1366 1072 1414 laudatum
1092 1363 1331 1430 Sauffacum
1360 1363 1484 1411 libro
1513 1364 1568 1412 de
1598 1362 1796 1428 mysticis
1829 1364 2002 1413 Galliae
2032 1361 2136 1420 scri·
2227 1424 2230 1429 ἱ

188 1439 413 1508 ptoribus,
432 1434 562 1485 Paris.
590 1440 733 1505 1639.
752 1452 798 1498 4.
823 1451 922 1499 pag.
948 1439 1194 1494 188—279.
1259 1435 1460 1480 Marcum
1483 1435 1676 1479 Paullum
1695 1435 1866 1480 Leonem
1897 1432 1952 1482 de
1981 1430 2135 1479 aueto-

190 1511 321 1557 ritate
347 1522 391 1554 et
412 1503 493 1553 vsu
515 1505 639 1571 pallii
664 1501 903 1552 Pontificii.
923 1505 1095 1548 Romae
1121 1507 1322 1564 1649.4.
1391 1501 1553 1549 Nicolai
1571 1502 1620 1546 de
1639 1502 1817 1547 Bralion
1844 1500 2031 1565 pallium
2054 1510 2135 1547 Ar-

189 1573 531 1641 chiepiscopale.
553 1570 682 1620 Paris.
714 1578 848 1629 ¹648-
875 1580 915 1626 8.
987 1571 1166 1616 Petrum
1197 1571 1246 1615 de
1276 1571 1433 1615 Marca
1468 1568 1524 1616 de
1552 1570 1795 1619 concordia
1822 1565 2059 1618 sacerdotii
2091 1581 2135 1615 et
2229 1567 2231 1569 ’

192 1646 375 1709 imperii
399 1643 474 1691 lib.
499 1649 541 1688 6.
566 1657 656 1705 cap.
680 1648 722 1689 6.
759 1655 802 1688 et
841 1638 904 1688 ibi
930 1636 1174 1685 Baluzium.
1258 1637 1558 1685 Theodoricum
1582 1639 1847 1684 Ruinartum
1868 1638 1914 1683 in
1939 1633 2135 1700 disquisi.

191 1715 317 1759 tione
337 1710 547 1758 historica
573 1710 626 1756 de
647 1709 786 1777 pallio
807 1702 1199 1770 archiepiscopali,
1236 1703 1516 1768 quaeexstat
1542 1707 1661 1755 inter
1690 1701 1900 1770 opuscula
1930 1701 2136 1770 postuma

191 1780 475 1832 Mabillonii,
508 1775 638 1825 Paris.
671 1793 805 1837 ¹724-
837 1790 881 1838 4.
909 1790 1037 1821 tomo
1066 1770 1298 1836 secundo„
1351 1774 1502 1834 Iustum
1534 1775 1744 1836 Henning.
1777 1771 2138 1817 Boehmerum.in

194 1851 293 1894 iure
317 1845 599 1894 ecclesiastico
623 1843 966 1912 protestantium
996 1857 1109 1887 tom.
1141 1856 1174 1886 ι.
1206 1856 1306 1903 pag.
1335 1854 1429 1896 350
1452 1837 1544 1902 sqq.
1617 1841 1698 1886 Iac.
1720 1830 2063 1902 Bashagium‘H.
2085 1838 2134 1885 E.

193 1915 269 1962 lib.
299 1930 339 1975 5.
370 1931 463 1978 cap.
484 1922 526 1962 6.
551 1930 648 1977 pag.
677 1929 785 1972 244.
855 1913 1037 1957 Henrici
1058 1908 1270 1954 Guntheri
1298 1906 1543 1954 Thulemari
1565 1901 1723 1971 disput.
1748 1906 1803 1953 de
1825 1902 2134 1969 Archiepisco‘-
2215 1905 2222 1912 ”

193 1999 362 2049 porum
387 1980 523 2045 pallio
555 1995 597 2026 et
617 1981 713 2026 aliis
736 1977 994 2039 insignibus.
1018 1974 1228 2022 I-leidclb.
1262 1979 1396 2032 ¹684·
1419 1990 1466 2036 4.
1541 1974 1747 2022 Salomon.
1771 1974 2038 2038 Deylingium
2059 1972 2135 2021 ob·

193 2050 308 2098 serv.
333 2045 452 2096 misc.
474 2065 571 2112 pag.
597 2061 654 2106 50
667 2064 709 2101 5.
779 2048 833 2093 Io.
853 2043 1256 2091 Andr.Sclm1idium
1286 2042 1331 2086 in
1359 2039 1456 2092 diff,
1487 2040 1541 2087 de
1563 2042 1857 2105 Omophorio
1891 2037 2133 2106 Episcopo·
2214 2037 2232 2043 ⁰

194 2136 297 2166 rum
322 2121 615 2165 Graecorum.
642 2110 834 2160 Helmst.
864 2116 1000 2167 1698.
1071 2112 1182 2154 Ioan.
1205 2108 1315 2175 Casp.
1341 2108 1605 2155 Barbatum
1634 2110 1681 2154 in
1702 2106 1862 2174 disput.
1893 2109 1948 2156 de
1982 2109 2133 2173 pallio.
2203 2141 2205 2144 ι

193 2185 443 2250 Herbipoli
472 2198 612 2243 1753,
633 2197 675 2238 4.
698 2196 741 2227 et
763 2182 809 2226 in
832 2181 926 2225 eius
954 2175 1102 2242 opusc.
1126 2178 1296 2223 iuridic.
1321 2178 1434 2223 varii
1455 2178 1721 2238 argumenti.
1744 2192 1854 2225 tom.
1877 2190 1906 2226 2
1939 2194 1980 2240 p.
2003 2196 2020 2222 1
2040 2174 2135 2241 sqq,
2215 2208 2217 2211 -

196 2271 239 2302 et
267 2257 322 2302 Io,
346 2243 498 2317 Georg.
518 2249 782 2311 Pertfihium
802 2249 848 2295 in
871 2245 1133 2295 transtatione
1161 2246 1371 2291 canonica
1393 2245 1448 2292 de
1476 2246 1678 2307 origine,
1713 2242 1793 2292 vsu
1812 2259 1854 2292 et
1875 2243 2135 2294 au&oritate
2199 2253 2214 2293 f

191 2323 319 2388 pallii
358 2315 775 2384 archiepiscopalis,
834 2316 882 2362 in
923 2332 1006 2379 qua
1037 2313 1245 2362 Bai-thelii
1291 2310 1531 2359 dissertatio
1570 2310 1648 2361 sub
1686 2314 1897 2368 incudem
1934 2329 2133 2360 vocatur.
2188 2304 2214 2341 »Δ
2261 2316 2263 2340 ³

193 2387 464 2438 Helrnstadii
491 2402 632 2449 1754.
662 2400 705 2433 et
738 2385 906 2431 Frider.
924 2385 1056 2431 Andr.
1085 2379 1355 2429 Schlutbeckii
1386 2383 1814 2447 commentationem
1847 2382 1903 2428 de
1932 2380 2133 2429 candidis
2188 2440 2192 2444 .
2260 2430 2263 2452 ;

194 2453 656 2520 Archiepiscoporum
695 2453 852 2516 palliis.
884 2454 1152 2499 Hanouerae
1186 2457 1325 2506 1726.
1357 2465 1402 2507 4.
1469 2449 1657 2496 Pallium
1689 2450 1743 2497 de
1778 2449 1898 2504 Petri
1939 2466 2133 2513 corpore

195 2529 327 2572 ctiam
352 2525 500 2570 datum
524 2520 816 2569 orientalibus
840 2517 1087 2585 Episcopis,
1108 2518 1211 2563 vide
1235 2520 1510 2580 G-regorium
1539 2521 1602 2564 M.
1633 2518 1707 2565 lib.
1741 2533 1776 2566 ῐ.
1806 2534 1875 2580 ep.
1902 2532 1974 2576 27.
1998 2519 2131 2564 inter-

196 2593 306 2639 dum
334 2589 567 2656 Episcopis
590 2594 821 2637 minorum
843 2586 1041 2641 sedium,
1084 2583 1242 2632 confer
1265 2591 1445 2633 Petrum
1472 2587 1650 2635 Saxium
1683 2589 1727 2631 in
1761 2582 1996 2630 Pontificio
2025 2592 2131 2632 Are·-
2187 2606 2211 2632 s
2259 2574 2261 2593 ’

195 2657 345 2706 latensi
384 2676 481 2722 pag,
511 2676 583 2718 54.
621 2656 873 2705 absentibus
905 2673 995 2703 non
1037 2651 1237 2707 missum,
1279 2656 1384 2701 vide
1418 2652 1654 2701 Laustanci
1687 2650 1868 2715 Epistol.
1909 2669 2025 2712 tom.
2060 2660 2131 2708 18.

196 2728 310 2776 Bibl.
333 2731 515 2776 Patrum
540 2743 636 2791 pag.
662 2735 771 2783 810.
794 2729 832 2774 F
834 2761 843 2771 .
913 2722 1230 2785 Iusiurandum
1246 2757 1258 2779 ‚
1311 2723 1435 2788 quod
1456 2738 1635 2786 accepto
1654 2719 1791 2784 pallio
1814 2719 2132 2836 Ρῑειείῖἰῑὶὶἱῑᾈιῖ-
2174 2739 2183 2745 ’

1970 2807 1991 2836 c
2028 2803 2135 2853 iept·
2254 2813 2257 2857 ί
