2263 3027
762 72 765 74 ·
784 51 960 103 LVDI
997 51 1379 104 CIRCENSES.
1960 73 2020 119 99
2034 74 2049 108 ι

94 177 270 226 Iuretus
292 176 346 223 ad
370 176 693 238 Symmachum
713 174 787 222 IX.
803 189 830 224 2
839 192 879 235 3.
918 174 1137 221 Mulieres
1161 177 1291 222 etiam
1320 177 1366 221 in
1396 175 1737 240 amphitheatris
1766 190 1981 225 certantes
2001 194 2043 226 et

93 243 209 292 feras
235 243 553 290 interficientes
577 241 813 291 obseruant
833 243 921 288 viri
948 240 1069 288 dosti
1101 244 1155 290 ad
1187 243 1386 291 quenal.
1423 240 1495 290 sat.
1532 258 1573 291 1.
1596 260 1638 289 v.
1657 257 1735 294 22.
1766 261 1820 291 ex
1844 248 2046 293 Suetonii

94 313 357 358 Domitiano
382 329 476 376 cap.
498 330 542 373 4.
564 326 607 357 et
632 311 869 373 Xiphilino
897 312 944 355 in
967 312 1090 355 Tito.
1137 308 1393 357 Artificium
1420 314 1465 356 in
1487 313 1726 358 venatione
1754 311 1935 359 circensi
1956 314 2045 374 elu-

93 380 233 426 dendi
254 378 491 425 bestiarum
510 374 810 424 infiiltussaltu
823 395 870 423 ac
885 377 1118 423 velocitate
1139 378 1363 438 eleganter
1384 376 1592 424 describit
1603 377 1882 426 Caffiodorus
1903 380 2040 427 lib.V.

93 463 149 511 ep
184 462 256 509 42.
295 447 424 492 Adde
446 445 748 493 Alexandrum
772 446 1090 492 Wilthemiutn
1111 445 1164 490 ad
1190 446 1444 510 diptychon
1460 444 1705 494 Leodiense
1727 457 1814 498 c.6.
1831 464 1872 511 p.
1889 461 1952 498 22
1978 445 2041 512 sq.

92 514 176 562 vbi,
196 531 250 560 ex
275 511 470 578 Vopisco
493 514 776 558 Numeriano
812 509 1042 574 obstruat,
1080 514 1212 558 etiam
1246 511 1549 578 τειχοβοὶτας
1578 511 1668 561 siue
1708 515 1918 561 homines
1950 533 2045 562 cur·
2104 509 2110 512 ’

90 583 235 628 rendo
259 599 340 645 per
363 584 580 645 parietem
603 577 907 627 subtrahentes
928 576 972 625 se
994 581 1083 626 irae
1108 577 1328 628 vrsorum.
1402 584 1470 628 De
1499 580 1710 628 ludorum
1747 583 1932 628 medicis
1960 582 2042 629 sin-

92 649 234 711 gulari
258 663 588 712 programmate
610 650 701 708 egit
724 645 942 694 Balthasar
961 663 982 692 a
1005 647 1258 694 Buchwald.
1288 644 1481 695 Hafniae
1510 659 1662 708 1749.'
1708 653 1777 697 De
1799 653 1948 697 numis
1971 667 2042 698 co-

91 720 297 764 turniatis
320 720 363 762 in
387 715 516 764 ludos
541 730 584 761 et
609 718 868 763 venationes
894 712 1109 761 circenses
1136 714 1364 776 singularis
1398 714 1532 762 exstat
1563 713 1802 763 dissertatio
1824 719 2045 779 Sigebei·ti

92 785 409 848 Hauercampi‚
436 782 577 843 Lugd.
597 787 738 828 Batav.
769 797 904 842 1721.
919 798 964 838 4.
1003 784 1256 829 Certamina
1279 783 1549 831 denotantur
1569 785 1615 830 in
1638 788 1786 831 numis
1807 802 1887 848 per
1907 803 2040 833 vrnas

92 868 193 898 cum
219 852 377 915 palmis
400 852 505 895 vide
531 852 798 896 ssandurium
824 852 882 896 T.
904 863 940 894 1.
966 846 1215 897 numismat.
1238 867 1282 914 p.
1311 854 1418 900 1'20.
1438 864 1544 899 122.
1578 865 1684 911 135.
1742 855 1810 898 De
1830 851 2039 900 vniuerso

90 920 181 966 hoc
207 934 472 980 argumento
495 935 586 963 non
609 917 960 982 praetereundus
983 932 1164 979 quoque
1185 915 1245 964 est
1266 921 1420 964 Petrus
1439 917 1605 970 Faber,
1641 919 1718 979 qui
1739 919 1784 963 in
1809 920 2044 967 Athleticis

92 983 180 1031 suis
203 986 355 1032 Ludos
375 1002 580 1032 veterum
606 1003 696 1031 non
719 1001 890 1032 tantum
918 985 1327 1047 Amphitheatrales
1349 1001 1391 1031 et
1413 986 1675 1047 gymnicos,
1704 982 1779 1032 sed
1800 987 2040 1034 theatricos

89 1051 180 1103 fiue
210 1052 404 1101 Mulicos
434 1069 615 1117 quoque
650 1071 697 1100 ac
730 1048 956 1100 Circenses
988 1049 1291 1115 persequitur,
1328 1055 1394 1098 vti
1434 1051 1638 1115 Xysticos
1666 1066 1710 1098 et
1739 1052 2041 1116 Thymelicos

86 1121 346 1182 ‚Alexander
367 1120 418 1166 ab
444 1122 564 1167 Alex.
583 1122 716 1176 lil.9.
788 1121 954 1166 Omnia
984 1115 1078 1164 fere
1099 1136 1261 1180 genera
1284 1135 1481 1180 agonum
1505 1136 1551 1166 ac
1582 1112 1883 1166 certaminum
1903 1122 2043 1169 edidit

89 1188 336 1253 Dionyfius
360 1188 571 1233 Heraclae
595 1202 812 1239 tyrannus
834 1185 938 1233 teste
959 1188 1210 1233 Memnone
1232 1187 1350 1251 apud
1375 1188 1584 1233 Photium
1610 1187 1719 1233 Cod.
1745 1204 1850 1249 224.
1872 1205 1913 1253 p.
1934 1197 2043 1249 167.

93 1258 293 1306 ἐπιτελεῖ
312 1250 356 1304 δὲ
378 1252 455 1316 ame}
479 1253 661 1316 oi-yczixs
684 1253 907 1311 ἱππικούς,
925 1253 1014 1316 ἐυχ
1034 1252 1245 1305 ἕππικούς
1266 1250 1309 1306 δὲ
1327 1252 1452 1317 μόνον
1485 1253 1605 1307 dmm*
1627 1276 1704 1317 ιρι]
1727 1258 1944 1311 σκηνικούς
1964 1253 2044 1320 κρι)

92 1322 361 1385 ,θυμελικούς
380 1344 456 1383 χρη
475 1322 718 1384 «γυμνικούς.
768 1326 836 1368 De
850 1321 1291 1386 LudirApollinaribus
1311 1325 1620 1368 Romanorum
1636 1324 1791 1369 Liuius
1811 1327 1947 1370 XXV.
1969 1341 1981 1372 ι
1998 1340 2042 1373 2.

91 1406 135 1438 et
157 1390 308 1437 Nicol.
326 1390 547 1449 Abramus
568 1395 613 1435 in
641 1392 757 1435 notis
780 1391 832 1435 ad
855 1391 1084 1436 Ciceronis
1110 1389 1407 1454 Philippicam
1436 1392 1490 1436 Η.
1521 1407 1611 1454 cap.
1632 1404 1703 1452 13.
1738 1392 2042 1440 Ethnicorum

90 1458 221 1505 ludos
240 1458 488 1516 theatrales,
509 1454 750 1509 Circense&
773 1460 1044 1503 Venationes
1068 1472 1110 1502 et
1130 1474 1317 1504 munera
1335 1458 1454 1503 adire
1468 1457 1740 1503 Christianos
1760 1460 2040 1525 prohibuere

89 1525 399 1572 Tertullianus
423 1541 467 1573 et
489 1527 744 1589 Cyprianus
764 1524 890 1571 libris
913 1523 1207 1584 singularibus
1230 1525 1283 1571 dc
1304 1521 1574 1588 spesslaculis.
1648 1528 1702 1570 Et
1715 1524 1914 1590 Cyrillus
1931 1529 2038 1575 Hie·
2094 1524 2109 1531 l

92 1590 225 1642 rosol.
249 1591 469 1639 Catecheli
498 1596 575 1638 l.c.
588 1608 632 1650 4.
655 1591 954 1659 explicaturus
979 1607 1196 1656 pompam
1224 1591 1403 1638 Diaboli
1435 1594 1505 1639 cui
1541 1594 1587 1638 in
1624 1591 1846 1658 baptismo
1878 1612 2042 1643 renun-

92 1662 330 1713 ciauimus,
370 1663 429 1706 ait
453 1657 536 1705 effe
559 1660 902 1725 θεατξομαιιόις
922 1655 1001 1723 ,(ςή
1029 1656 1348 1725 ἱπποδρομίαις,
1371 1663 1628 1720 κυνηγεσίαν
1647 1682 1723 1723 &qq
1752 1665 1914 1712 πᾶσαν
1943 1683 2036 1714 τοι·

91 1727 232 1784 οἱυτην
253 1725 583 1788 paratust-nra,
610 1728 664 1773 ad
685 1744 820 1790 quem
845 1728 992 1773 locum
1017 1727 1121 1773 vide
1145 1729 1269 1776 Tho.
1289 1726 1546 1774 Millesium.
1592 1733 1712 1787 lom.
1734 1729 1856 1776 Guilt
1881 1729 2042 1779 lanum

91 1813 191 1861 pag.
209 1811 282 1851 52.
307 1793 369 1857 sq.
396 1795 448 1843 ad
470 1793 722 1841 sermonem
749 1791 927 1841 Eusebii
953 1796 1269 1851 Alexandrini,
1319 1811 1363 1842 et
1392 1795 1522 1842 Ferd.
1559 1796 1810 1843 Mendozae
1836 1814 1961 1844 notas
1990 1798 2045 1844 ad
2100 1799 2103 1802 ’

95 1863 336 1910 concilium
363 1861 689 1913 llliberitanum
717 1866 774 1908 T.
805 1878 840 1910 1.
867 1863 1036 1908 Labbei
1065 1880 1108 1927 p.
1135 1879 1268 1923 1294.
1289 1860 1350 1926 sq.
1379 1878 1421 1910 et
1459 1878 1596 1924 1320.
1628 1861 1706 1909 vbi
1737 1865 1791 1911 de
1813 1867 1978 1927 aurigis
1999 1881 2042 1913 et

95 1931 390 1995 pantomimis
414 1932 497 1975 arti
525 1927 622 1977 suae
643 1932 898 1976 renuntiare
920 1928 1059 1982 iuffis,
1093 1928 1123 1976 fi
1164 1929 1341 1977 Christo
1372 1930 1542 1976 vellent
1576 1947 1744 1978 nomen
1775 1932 1890 1981 dare.
1950 1935 2043 1983 Cir·

94 1995 243 2051 censes
269 2013 317 2043 vt
342 2012 437 2041 rem
469 1998 646 2044 inanem
665 1995 836 2061 spernit
858 1998 990 2044 etiam
1014 1997 1181 2044 Plinius
1201 2002 1280 2043 Vl.
1303 2015 1347 2053 4.
1385 1996 1518 2062 Epist.
1554 1999 1937 2060 quemadmodum
1968 2017 2044 2046 ve-

95 2070 298 2114 nationes
330 2079 372 2110 et
406 2078 602 2123 ceterum
639 2064 853 2110 ludorum
885 2082 1104 2130 pompam
1141 2068 1299 2112 Cicero
1324 2067 1425 2114 Vll.
1456 2085 1490 2111 1.
1518 2066 1569 2110 ad
1592 2063 1842 2112 familiares.
1913 2068 2043 2116 Adde

94 2134 368 2183 Rainoldum
391 2132 620 2188 Dehnium
640 2131 694 2178 ad
715 2130 806 2179 abia
823 2149 1078 2200 martyrum
1099 2130 1285 2179 Cosmae
1317 2149 1360 2178 et
1383 2133 1586 2178 Damiani
1611 2149 1707 2196 pag.
1729 2136 1824 2181 Xal.
1851 2131 1942 2199 sqq.

229 2267 358 2317 vlu.
396 2270 464 2313 De
500 2264 772 2329 equestribus
803 2264 1138 2315 decursionibus
1167 2280 1209 2311 et
1243 2264 1491 2329 puerilibus
1511 2268 1726 2312 Troianis
1751 2267 1866 2314 ludis
1889 2267 1951 2318 10.
1978 2270 2040 2319 Ia-

97 2336 236 2388 cobus
260 2341 408 2389 ,Draco
431 2335 505 2380 lib.
527 2353 564 2380 1.
587 2334 641 2380 de
662 2336 786 2395 Orig.
811 2351 853 2382 et
874 2339 969 2382 iure
989 2335 1283 2400 Patriciomm
1309 2332 1427 2380 Balil.
1456 2338 1590 2395 1627.
1616 2354 1655 2394 4.
1680 2352 1714 2381 c.
1738 2352 1747 2378 1
1767 2351 1804 2382 1.
1826 2353 1855 2399 p
1884 2335 2042 2401 75-·sq.

98 2403 321 2460 Onufrius
344 2404 398 2449 de
420 2403 535 2448 ludis
557 2399 834 2448 Circensibus
854 2402 909 2451 Il.
926 2420 966 2463 9.
990 2418 1121 2463 tomo
1142 2404 1210 2450 lX.
1226 2404 1388 2457 Graev.
1401 2418 1444 2465 p.
1459 2417 1573 2463 422.
1589 2400 1647 2465 sq.
1682 2403 1894 2449 Camillus
1905 2405 2043 2453 Silue—

97 2473 184 2522 ster
203 2474 257 2519 ad
282 2472 502 2522 iuuenalis
525 2472 606 2517 Sat.
622 2471 652 2518 I.
678 2466 788 2515 vers.
811 2487 877 2528 ¹9·
915 2468 1147 2517 Tristanus
1172 2469 1226 2516 ll.
1247 2475 1357 2530 264.
1408 2473 1471 2517 lo,
1497 2471 1736 2531 Vignolius
1757 2471 1812 2517 de
1831 2471 2042 2519 columna

98 2542 321 2588 Antonini
341 2541 428 2594 Pii,
454 2555 545 2601 cap.
561 2554 586 2593 9
626 2541 737 2584 Sam*
759 2535 938 2584 Pitiscus
959 2539 1077 2585 notis
1100 2537 1151 2582 ad
1163 2539 1427 2583 Suetonium
1450 2541 1629 2601 pag-7(
1659 2554 1702 2584 et
1719 2535 1959 2586 dissertatio
1975 2542 2041 2586 in-

101 2606 213 2655 serta
232 2609 504 2657 memoriis'l
525 2605 758 2651 reuoltinis
773 2609 824 2651 A.
849 2619 984 2662 1700.
1010 2599 1153 2669 April.
1178 2601 1418 2668 p.645.sq.
1455 2609 1523 2652 De
1541 2602 1798 2669 spestaculis
1811 2607 2039 2671 Ludisque
2069 2642 2081 2644 <

100 2675 377 2741 equestribus
401 2690 443 2725 et
467 2675 775 2730 NaumachiiS,
793 2670 1053 2726 Franciscus
1076 2672 1261 2720 Modius
1280 2674 1330 2722 in
1350 2689 1460 2726 tom.
1478 2692 1514 2728 1..
1527 2670 1844 2729 Pandeekarum
1857 2678 1901 2720 T
1907 2677 2041 2721 rium-

1004 2795 1008 2798 *
1048 2743 1128 2789 Zz
1166 2752 1196 2791 2
1797 2773 1806 2793 .-
1832 2743 2039 2807 phalium
