2263 3027
221 78 319 135 53²
387 66 536 120 CAP.
577 68 662 121 XI.
729 65 1141 121 CONCIONES
1171 64 1498 120 IVDAEOR.
1533 66 1630 119 ET
1665 66 2065 123 CHRISTIAN.

215 187 698 251 vffenbachianorum‚
720 193 821 241 chr.
845 193 1159 258 Schoettgem'us
1177 190 1241 240 T.'
1262 209 1299 245 1.
1321 198 1488 241 Horar.
1511 192 1706 241 hebraic.
1728 209 1769 258 p.
1788 209 1852 253 99
1876 190 1965 257 sqq.
1999 210 2042 242 et
2070 196 2155 240 Wa-

205 259 428 324 genst‘ilius
448 277 494 324 p.
519 274 614 320 245
638 257 725 324 seq.
754 261 950 308 telorum
971 264 1209 323 igneorum
1232 265 1422 313 Satanae,
1444 261 1523 308 vbi
1546 277 1589 309 et
1611 262 1814 325 exempla
1846 262 2059 324 quaedam
2091 279 2157 310 ea-

212 327 408 376 rundem
433 328 516 373 tibi
540 344 791 375 occurrent.
829 334 1017 376 Breuem
1043 328 1272 375 historiam
1296 333 1568 377 concionum
1595 329 1712 393 apud
1734 344 1906 375 veteres
1922 329 2157 387 Hebraeos

213 408 259 440 et
280 395 387 441 inde
408 396 527 459 apud
547 395 820 443 Christianos
845 399 956 443 texit
976 397 1204 463 Chrzstoph.
1232 399 1394 445 Matth.
1419 400 1590 462 Rj'izffim
1613 398 1754 460 capite
1777 400 1929 460 primo
1943 396 2156 444 diatribae

213 461 270 508 de
289 459 407 509 rebla
426 463 710 526 Theologiae
743 465 1029 512 homileticae
1062 462 1437 513 conformatione.
1470 466 1709 526 Tubingae
1740 480 1882 524 1731,
1915 480 1960 525 4.
2019 465 2157 529 Apud

211 530 575 577 Muhatnedanos
598 547 780 595 quoque
800 531 900 596 post
921 530 1159 579 sollemnes
1179 548 1335 597 preces
1367 532 1534 580 diebus‘
1560 533 1779 579 Mercurii
1809 547 1852 578 et
1875 535 2067 579 Veneris
2095 530 2159 580 se·

213 600 368 659 quitur
386 601 545 653 Waatz‚
563 597 653 646 fiue
675 602 862 654 Concio‚
883 617 1015 664 quam
1040 601 1174 646 habet
1197 602 1502 647 Concionator
1526 601 1612 647 illis
1631 598 1775 646 dissus
1803 603 1952 653 Waitz,
1974 597 2046 647 seu
2062 600 2161 662 Nast

212 664 317 730 batg
342 669 386 717 ii,
409 666 454 712 id
476 664 535 712 est
560 670 779 720 Monitor‚
807 665 967 722 suasor,
992 666 1176 714 Consilii
1207 668 1345 714 dator.
1385 669 1520 715 'Vide
1545 671 1753 714 ‘rhomae
1778 668 1934 730 Hydei
1954 683 2081 715 notas
2101 668 2155 715 ad

212 734 466 795 Liturgiam
493 735 951 791 Muhamedanorum,
971 736 1121 782 itineri
1147 735 1387 782 Abrahami
1414 733 1597 783 Peritfol
1618 734 1873 792 subiechm,
1894 751 1933 800 p.
1962 753 2005 794 7.

380 805 517 850 XIX.
590 806 847 850 Primorum
883 802 1238 850 Christianorum
1272 819 1425 849 coetus
1455 819 1499 849 et
1528 809 1768 850 conciones
1799 821 1820 849 a
1849 803 2152 868 posteriorum

209 881 473 933 temporum
498 866 576 915 vsu
604 868 945 934 quodammodo
971 868 1162 917 diuersas
1190 867 1329 920 fuisse,
1357 869 1522 918 constat
1544 887 1598 919 ex
1629 890 1645 918 1
1677 875 1780 919 Cor.
1802 874 1923 920 XIV.
1958 872 2010 918 ad
2030 871 2154 935 quod

206 951 386 1000 praeter
410 938 678 1000 interpretes
702 935 860 984 confer
884 940 1114 1003 Altingium
1134 938 1234 984 loco
1253 938 1425 1000 lau-dato
1444 957 1487 1004 p.
1507 954 1616 997 ·201,
1632 955 1740 989 202.
1782 943 1892 984 Non
1917 941 2155 986 minimam

206 1019 384 1068 partem
409 1005 550 1050 cultus
574 1020 621 1051 vt
651 1008 768 1070 apud
797 1007 978 1052 ludaeos
1006 1008 1062 1052 ita
1087 1006 1204 1068 apud
1221 1005 1496 1052 Lhristianos
1511 1023 1691 1070 quoque
1713 1006 2152 1053 constituebatlefflo

206 1068 429 1118 sacrarum
451 1071 716 1126 litterarum,
740 1074 796 1119 de
825 1090 911 1136 qua
932 1073 1036 1117 vide
1062 1072 1222 1117 laudati
1247 1075 1479 1134 Vitringae
1500 1078 1781 1135 Synagogam
1807 1075 1881 1120 lib.
1906 1092 1946 1133 3.
1970 1088 2097 1131 c.7÷1
2118 1089 2152 1121 1.

206 1138 322 1191 Ioan,
345 1144 504 1186 Bonam
528 1143 579 1193 11,
607 1150 633 1188 6
657 1137 743 1202 seq.
767 1157 917 1185 rerum
941 1140 1265 1199 liturgicarum,
1288 1155 1329 1184 et
1354 1140 1408 1185 de
1432 1141 1579 1185 diuina
1605 1139 1850 1203 psalmodia
1875 1159 1895 1188 c
1942 1152 2010 1192 16.
2036 1150 2060 1200 §
2088 1158 2151 1202 ¹4·

206 1223 253 1271 p.
272 1221 291 1262 ς
312 1224 362 1264 ¹9
378 1204 474 1270 sqq.
512 1207 791 1273 Radulphum,
816 1209 1045 1253 Decanum
1059 1204 1388 1267 Tungrensem,
1405 1208 1458 1253 de
1471 1217 1694 1253 canonum
1711 1205 1989 1255 obseruantia
1999 1213 2059 1256 T.
2074 1215 2152 1258 26.

207 1273 321 1322 Bibl.
342 1278 522 1322 Pau-um
544 1290 587 1339 p.
604 1289 696 1333 297
709 1271 802 1338 sqq.
845 1277 1113 1321 Heineccium
1136 1289 1260 1336 parte
1283 1289 1304 1333 3
1342 1292 1372 1339 p
1409 1283 1489 1331 ¹82
1508 1273 1595 1339 seq.
1618 1276 1930 1323 delineationis
1950 1276 2154 1325 ecclesiae

206 1358 400 1404 graecae.
432 1343 489 1390 W.
510 1344 559 1390 E.
588 1343 794 1390 Tentzelii
808 1339 902 1390 diff.
930 1343 986 1389 de
1008 1344 1103 1388 ritu·
1120 1340 1364 1388 leffionum
1378 1340 1614 1396 sacrarum,
1639 1345 1754 1395 Ioan,
1774 1345 1984 1390 Andream
1996 1345 2153 1391 Schmi-

205 1411 324 1456 dIum
345 1405 438 1456 diff.
461 1409 516 1457 de
539 1407 812 1457 lessionariis
830 1411 1064 1474 Vtriusque
1082 1408 1310 1464 Ecclesiae,
1335 1427 1378 1457 et
1403 1411 1543 1458 Thom.
1566 1413 1705 1458 Miller
1725 1412 1776 1458 ad
1802 1413 2024 1475 Cyrillum
2041 1413 2151 1459 Hie·

205 1473 342 1524 rosola
364 1492 564 1543 pag.4et
584 1492 653 1532 ις.
688 1479 888 1524 Altanum
909 1494 947 1542 p,
969 1494 1033 1541 49
1047 1493 1090 1524 et
1108 1492 1182 1536 52.
1209 1478 1263 1524 de
1283 1478 1411 1525 libris
1435 1477 1596 1526 Eccles.
1620 1484 1914 1527 Graecorum.
1951 1482 2149 1544 Prophe-

204 1546 340 1591 ticam
364 1544 608 1592 leffionem
629 1546 858 1593 interdum
882 1545 1092 1610 Epistolis
1114 1559 1156 1592 et
1171 1548 1432 1609 Euangeliis
1453 1546 1736 1611 praemiis-am
1763 1563 1886 1594 notat
1911 1549 2151 1595 Menardus

203 1628 251 1678 p.
280 1616 389 1674 368.
414 1613 468 1660 ad
491 1615 708 1675 Gregorii
728 1616 1042 1660 Sacramentar.
1077 1617 1257 1660 Sacrum
1281 1612 1495 1662 Officium
1508 1615 1659 1678 lingua
1671 1616 1812 1678 vulgo
1836 1632 1940 1662 nota
1959 1616 2150 1662 celebra„

204 1693 306 1726 tum
327 1698 350 1728 a
368 1683 531 1745 primis
551 1680 813 1728 Christianis
837 1697 880 1728 et
904 1699 988 1746 per
1013 1681 1142 1746 plura
1162 1682 1373 1746 deinceps
1396 1680 1586 1736 saecula,
1607 1683 1988 1745 quemadmodum
2013 1698 2150 1728 enam·

209 1743 348 1793 sacras
370 1749 537 1796 litteras
558 1747 690 1796 lestas
712 1750 758 1796 in
772 1749 1035 1812 vulgaribus
1054 1749 1233 1811 linguis,
1257 1751 1419 1796 docent
1440 1752 1678 1794 Etimundus
1695 1749 1901 1809 Martene
1926 1747 2002 1795 lib.
2022 1766 2057 1794 1,
2092 1749 2147 1796 de

203 1817 404 1877 antiquis
422 1815 634 1863 Ecclesiae
654 1816 814 1864 ritibus
839 1835 881 1882 p.
901 1832 996 1880 274
1009 1813 1069 1880 sq.
1096 1817 1201 1863 Phil.
1223 1819 1454 1862 Mornaeus
1478 1816 1550 1861 lib.
1568 1829 1612 1863 2.
1634 1817 1688 1861 de
1713 1813 1979 1861 Eucharistia
2003 1832 2093 1879 cap.
2115 1823 2142 1867 6

205 1893 250 1928 et
272 1894 317 1943 7.
341 1897 383 1928 et
405 1882 576 1928 Iacobus
599 1881 777 1945 Vfferius
802 1886 850 1931 in
877 1884 1077 1932 Historia
1098 1883 1348 1944 dogmatica
1369 1884 1423 1928 de
1444 1885 1686 1946 Scripturis
1707 1900 1748 1929 et
1769 1885 1908 1928 Sacris
1937 1901 2147 1930 vernacu-

204 1947 277 2007 lis,
296 1947 394 2015 post
422 1948 616 1996 auctoris
637 1966 833 1997 mortem
857 1953 973 1998 edita
997 1951 1146 1998 Lond.
1174 1960 1320 2006 1689,
1341 1972 1384 2011 4.
1418 1967 1519 1996 cum
1545 1951 1780 1996 luculentis
1812 1955 1993 1997 Henrici
2028 1955 2144 1998 War-

203 2016 326 2065 thom‘
347 2014 677 2066 acceffionibuS.
748 2020 1128 2081 Nequerecentis
1149 2019 1300 2064 aetatis
1321 2015 1476 2064 abusus
1500 2016 1704 2065 excusare
1727 2016 1928 2082 poffunr,
1960 2035 2069 2082 quae
2095 2033 2144 2066 vt

203 2081 597 2150 Vfferiano·operi
621 2085 822 2132 detrahat
842 2083 970 2132 affert
989 2085 1115 2131 Rich.
1137 2088 1294 2131 Simon
1314 2089 1452 2133 Tom.
1477 2103 1509 2131 1.
1538 2086 1644 2136 Bibl.
1666 2083 1848 2134 seleche
1859 2087 2031 2133 Gallice
2052 2089 2144 2133 edi-

201 2165 273 2200 ωε
294 2159 465 2219 cap.18
531 2150 768 2200 Leaiones
799 2151 1104 2200 ecclesiasticae
1136 2153 1377 2215 diligenter
1399 2170 1610 2199 notantur
1640 2156 1686 2200 in
1715 2157 1856 2202 veteri
1875 2155 2143 2202 (kalendario

200 2219 426 2273 Romano,
447 2221 571 2282 quod
599 2224 715 2266 ioan.
737 2222 911 2266 Fronto
931 2237 1038 2267 cum
1059 2222 1177 2267 notis
1195 2222 1335 2267 edidit
1349 2220 1513 2268 Pariffis
1541 2227 1685 2279 1652,
1701 2232 1740 2276 8.
1764 2238 1917 2270 etcum
1942 2224 2033 2268 eius
2050 2225 2143 2286 epi-

203 2285 329 2334 stolis
347 2302 392 2335 et
411 2285 789 2334 differ-rationibus
814 2287 1105 2336 eccleliasticis
1127 2290 1432 2336 recudendum
1454 2290 1556 2336 dedi
1585 2290 1754 2338 Hamb.
1784 2303 1925 2350 1720,
1941 2296 1982 2344 8,
2029 2290 2143 2336 =nud

202 2357 252 2402 ‘m
274 2355 428 2403 codice
451 2358 547 2402 MS.
568 2358 608 2403 S.
632 2353 898 2404 Genouefae
914 2353 1197 2403 inscribitur:
1234 2360 1383 2421 Incipit
1402 2359 1634 2424 capitulare
1649 2359 2143 2423 Euangeliorumdeamzi

204 2424 372 2470 circu-lo.
412 2421 652 2471 Leffiones
675 2425 887 2487 quasdam
907 2425 954 2471 in
974 2424 1055 2470 illo
1080 2425 1249 2482 codice,
1273 2440 1414 2488 atque
1435 2426 1544 2472 adeo
1566 2443 1585 2471 a
1607 2429 1842 2472 Frontone
1869 2423 2042 2470 omiss'as
2068 2429 2141 2472 Ba-

203 2489 348 2537 luzius
369 2491 425 2538 ad
444 2491 727 2556 Capitularia,
749 2494 805 2538 T.
821 2505 865 2542 Ζ.
888 2508 932 2556 p.
955 2510 1014 2539 ,ιί
1029 2497 1148 2554 ςῆ-ι
1170 2499 1270 2541 160.
1298 2494 1438 2540 edidit
1461 2511 1511 2539 ex
1528 2494 1680 2539 codice
1692 2493 2137 2554 ColbertinoRegiis—

204 2571 306 2620 que.
344 2561 515 2605 Romae
537 2575 580 2605 et
604 2556 997 2624 Constantinopoli
1019 2559 1129 2605 olim
1149 2561 1445 2622 Euangelium
1465 2565 1638 2608 Graece
1662 2578 1704 2607 et
1725 2562 1881 2618 Latine
1906 2562 2142 2607 recitatum

177 2622 273 2677 ,est
293 2639 480 2688 propter
503 2623 766 2688 praesentes,
802 2630 877 2689 qui
905 2643 1143 2690 Vtramque
1164 2628 1362 2689 linguam
1385 2629 1699 2690 intelilgercnt,
1740 2628 1843 2673 vide
1869 2627 1980 2673 Edm
2019 2631 2139 2674 Mar-

202 2703 306 2742 tene
330 2691 447 2741 lrde
467 2693 626 2740 mibus
646 2689 847 2745 ecclesiae
864 2712 911 2762 p.
935 2708 1032 2761 277
1054 2708 1099 2744 et
1123 2710 1230 2758 372,-
1261 2712 1304 2746 et
1325 2698 1410 2744 iter
1433 2697 1618 2750 litterar.
1651 2695 1976 2744 Benedictinor.
2007 2698 2059 2741 T.
2093 2707 2143 2745 2„

245 2782 250 2788 ·
606 2786 608 2789 ·
1952 2779 2080 2829 parte
2092 2780 2145 2810 2.-
