2263 3027
170 108 275 172 ⁶238
598 95 748 150 CAP.
781 46 915 147 XV}
973 89 1189 146 LEGES
1223 47 1690 149 GRAECORVM‚

179 230 405 279 librorum
438 227 493 274 de
522 221 874 289 iurisprudentia
898 220 1046 267 media
1064 220 1209 283 Lugd.
1237 222 1379 279 1561.
1405 226 1447 274 8.
1480 216 1709 266 subiunxit
1732 220 1830 269 XII.
1854 218 1974 282 leges
1991 223 2117 271 Solo-

178 301 249 347 nis
283 314 389 361 quas
420 298 467 342 in
498 295 653 359 priore
684 290 1011 338 commentario
1037 286 1402 354 praetermiserat.
1470 288 1767 334 Praeterimus
1791 289 2000 335 Valentini
2028 293 2119 337 Wil-

178 367 301 414 helmi
330 364 512 426 Forstcri
540 360 839 407 additamenta
871 357 926 404 ad
959 356 1137 405 Solonis
1178 359 1297 420 leges
1331 356 1466 402 latine
1496 352 1641 404 versas
1671 354 1853 403 Witteb.
1898 363 2036 406 1616.
2074 351 2120 414 8.

180 433 407 497 Godofredi
426 430 625 479 Schmidii
650 425 742 475 diff.
770 427 824 474 de
847 427 1014 473 Solone
1042 426 1295 488 legislatore
1317 420 1439 488 Lips.
1471 427 1607 480 16882
1629 440 1673 480 4.
1742 425 1930 472 Frieder.
1956 427 2123 473 Menziz·

179 499 341 550 dissert.
363 501 418 546 de
447 498 626 546 Solonis
653 494 840 559 legibus.
867 492 986 559 Lips.
1016 509 1106 555 170
1119 505 1151 544 s.
1180 510 1226 554 4.
1261 507 1391 556 atque
1416 491 1641 554 Christiani
1679 488 1974 557 Woldbnbergii
2001 494 2124 558 prin·

179 571 295 635 cipia
316 570 424 615 iuris
447 566 642 612 Romani
672 561 883 610 Rostoch.
925 570 1060 618 1688.
1085 577 1129 623 4.
1167 563 1245 625 qui
1276 562 1409 607 etiam
1438 561 1592 606 recudi
1622 562 1793 607 curauit
1828 560 2005 626 Philippi
2033 564 2125 606 Mc-

179 637 438 686 lanchthonis
460 634 748 681 collationem
777 628 1002 677 afftionum
1026 627 1272 676 forensium
1295 630 1541 675 Atticarum
1574 644 1616 674 et
1638 631 1940 674 Romanarum
1959 623 2128 692 praeci-

176 721 393 771 puarum,
430 720 542 766 quae
571 699 753 747 seorsim
784 699 1012 763 prodierat
1047 697 1229 745 Witteb.
1272 705 1411 758 1546.
1449 704 1490 750 8.
1559 699 1732 742 Anconiz'
1766 694 1898 758 'l'hysti
1929 697 2125 760 denique

180 773 470 820 collationem
494 771 645 831 legum
670 769 918 815 Atticarum
939 782 985 812 et
1009 769 1336 817 Romanarum,
1373 760 1572 810 recusam
1609 764 1770 810 eodem
1794 779 1922 809 tomo
1956 779 1996 824 5.
2029 766 2125 811 the·

178 839 295 888 sauri
327 839 627 887 Gronouiani.
701 839 814 881 Non
845 833 1134 881 mediocriter
1157 834 1289 880 etiam
1315 833 1381 877 ius
1403 832 1600 879 Atticum
1632 830 1850 879 illustrant
1871 835 2127 896 Harpocra-

179 911 279 957 tion
301 910 345 953 in
374 910 544 954 Lexico
565 905 841 955 Rhetorum‚
883 917 926 949 et
948 902 1184 966 Philippus
1211 898 1396 947 Iacobus
1416 897 1683 952 Mauss'acus,
1722 914 1854 963 atque
1876 903 2020 946 Henr-
2043 904 2128 946 Va-

180 974 309 1023 lesius
330 977 376 1021 in
404 974 589 1021 eruditis
611 971 664 1016 ad
690 971 1100 1033 Harpocrationem
1121 966 1528 1020 obseruationibuS,
1569 982 1612 1014 et
1632 969 1715 1014 Vir
1737 971 1909 1014 Graece
1940 965 2128 1013 doffiffi-

168 1061 283 1091 mus
305 1046 426 1088 Ioan.
449 1045 494 1086 T
497 1039 627 1102 aylor
649 1040 696 1084 in
719 1035 988 1084 leffionibus
1008 1033 1227 1099 Lyfiacis,
1262 1049 1392 1098 atque
1417 1033 1716 1082 eruditiffimis
1737 1037 1786 1083 in
1806 1033 2125 1086 Demosthenis

184 1126 412 1160 orationes
439 1123 570 1155 notis.
1061 1137 1063 1139 .

318 1245 439 1292 Plato
461 1237 744 1291 Atheniensis
771 1236 823 1285 ab
847 1235 1132 1298 Arcadibus„
1158 1236 1399 1301 Cyrenaeis
1428 1249 1471 1282 et
1501 1233 1741 1299 Thebanis
1766 1252 1969 1299 rogatus,
2008 1238 2129 1300 leges

183 1312 307 1362 ferre
332 1314 420 1359 illis
441 1310 598 1357 noluit.
670 1307 788 1354 Vide
813 1304 1153 1367 Menagium'ad
1178 1307 1311 1366 Diog.
1335 1305 1566 1351 Lae'rtium
1585 1320 1630 1368 p.
1650 1313 1756 1362 148.
1775 1304 1818 1351 b.
1846 1305 1961 1352 nihil
1981 1320 2132 1353 tamen

186 1380 405 1430 celebrius
427 1379 520 1426 eius
542 1377 716 1440 duplici
746 1391 884 1440 opere
918 1373 974 1420 de
994 1371 1240 1438 Republica
1268 1371 1394 1419 libris
1427 1375 1478 1420 X.
1506 1386 1549 1420 et
1578 1372 1632 1419 de
1663 1372 1835 1433 legibus
1865 1374 1992 1420 libris
2032 1377 2132 1428 XII,

184 1452 387 1512 itemque
407 1444 696 1511 Epinomide.
770 1450 921 1505 Atque
943 1459 966 1488 a
984 1439 1190 1507 profanis
1220 1440 1404 1505 quidem
1426 1437 1721 1505 scriptoribus
1751 1438 1904 1506 paffim
1929 1441 2133 1489 laudibus

183 1515 330 1565 fertur
359 1519 407 1563 in
428 1514 619 1568 coelum,
642 1511 694 1559 ab
716 1508 907 1558 Eusebio
929 1524 1076 1557 autem
1098 1525 1140 1558 et
1161 1509 1452 1557 Theodorito
1477 1524 1520 1556 et
1540 1508 1636 1554 aliis
1659 1508 1922 1556 Christianis
1945 1525 2136 1574 propter

187 1585 310 1648 leges
330 1582 655 1649 improbabiles
681 1580 1043 1644 reprehenditur.
1112 1580 1356 1643 Praecipue
1378 1578 1492 1622 vitio
1518 1575 1596 1641 ipsi
1618 1577 1768 1625 datum
1789 1576 1850 1623 est
1869 1578 1992 1641 quod
2012 1595 2136 1625 com-

189 1655 459 1700 munionem
489 1667 689 1697 vxorum
708 1648 826 1696 haud
850 1645 911 1694 est
932 1645 1187 1700 detestatus,
1225 1663 1315 1710 quo
1345 1647 1532 1691 nomine
1564 1647 1611 1691 in
1635 1648 1864 1693 Socratem
1885 1646 2136 1693 Platonem-

191 1738 279 1785 que
304 1721 535 1767 inuehitur
558 1733 734 1784 praeter
758 1716 868 1762 alios
888 1716 1115 1764 Saluianus
1135 1715 1211 1764 lib.
1230 1728 1275 1774 7.
1305 1713 1360 1760 de
1380 1713 1668 1778 prouidentia
1686 1730 1731 1775 p.
1754 1727 1882 1772 :2570-
1939 1711 2135 1775 Chryso-

192 1787 361 1835 stomus
385 1788 546 1833 homil.
578 1803 616 1834 1.
647 1787 693 1832 in
721 1789 934 1831 loannem
970 1801 1013 1848 p.
1042 1803 1058 1831 1
1077 1801 1113 1833 1.
1136 1798 1178 1830 et
1211 1784 1258 1828 in
1291 1780 1393 1827 aeia<
1413 1798 1456 1843 p.
1481 1789 1594 1834 482.
1624 1793 1676 1823 -vt
1701 1779 1813 1826 alios
1836 1781 1882 1824 in
1914 1778 2136 1842 praesenti

194 1856 415 1902 omittam.
487 1853 584 1916 ‘Qi
610 1854 841 1900 Platonem
865 1850 1100 1905 excusant,
1149 1852 1272 1897 aiunt
1291 1863 1394 1895 eum
1428 1847 1516 1892 hoc
1542 1846 1804 1908 neutiquam
1833 1843 2043 1892 cenl'uiffe
2064 1848 2138 1894 ad·

193 1922 467 1970 mittendum
495 1923 540 1966 in
572 1920 858 1978 ιἐιόσηκύιαις
877 1918 1065 1972 πόλεσι,
1106 1910 1254 1981 quales
1285 1912 1385 1961 sunt
1419 1910 1516 1978 ipso
1550 1916 1683 1959 eriam
1715 1914 1862 1960 iudice
1898 1930 2009 1976 quae
2037 1912 2138 1962 sunt
2183 1908 2187 1912 ⁸

168 1996 172 2000 '
193 1988 470 2051 fueruntque
497 1985 758 2041 vniuersae,
793 1985 867 2033 sed
888 1990 934 2032 in
967 1985 1100 2032 ideali
1127 1983 1199 2030 sua
1222 1981 1480 2046 Republica.
1551 1978 1724 2027 Confer
1746 1981 1988 2028 Alcinoum
2010 2000 2044 2029 c.
2063 1998 2139 2044 33.

196 2075 239 2107 et
262 2056 500 2123 scriptores
523 2055 721 2102 laudatos
742 2072 763 2100 a
784 2071 856 2100 me
882 2055 962 2101 lib.
989 2069 1028 2113 3.
1060 2052 1172 2105 Bibl.
1195 2055 1391 2098 Graecae
1414 2066 1448 2096 c.
1477 2065 1511 2096 1.
1551 2049 1840 2111 Aristotelisr
1871 2047 1938 2099 τα]
1973 2055 2021 2100 ἐκ
2052 2055 2148 2102 τῶν.

194 2124 330 2190 νόμων
358 2122 628 2176 Πλάτωνος,
666 2121 754 2168 fiue
778 2122 921 2168 tribus
956 2123 1038 2180 (vt
1068 2121 1271 2166 Laertius
1305 2122 1359 2165 V.
1392 2120 1498 2170 22.)
1534 2114 1622 2163 siue
1651 2116 1826 2163 duobus
1863 2117 1988 2163 libris
2024 2136 2139 2183 opus

198 2187 394 2241 cOnstitit
419 2199 501 2250 (v‘t
525 2197 795 2252 Anonymus
820 2207 841 2235 a
864 2189 1077 2249 Menagio
1101 2189 1244 2235 editus
1271 2189 1319 2233 in
1343 2183 1593 2232 Aristotelis
1614 2186 1736 2245 vita)
1767 2187 1853 2230 iam
1875 2187 2054 2250 pridem
2077 2190 2151 2234 in-·
2256 2236 2260 2240 ,

196 2262 495 2315 terciderunt,
545 2259 736 2324 perinde
764 2272 813 2303 vt
849 2256 1114 2322 Theophrasti
1141 2255 1248 2301 libri
1271 2253 1434 2317 quibus
1454 2256 1734 2300 Graecorum
1758 2251 2150 2318 barbarorumque·
2218 2242 2224 2277 ⁷

197 2330 317 2392 leges
345 2326 450 2374 teste
481 2329 702 2374 Cicerone
735 2321 1031 2389 descripserat.
1102 2326 1172 2371 De
1200 2323 1376 2385 legibus
1402 2322 1865 2368 Lacedaemoniorum
1893 2321 1989 2367 latis
2008 2340 2030 2367 a
2052 2327 2142 2387 Ly·
2182 2326 2185 2327 ⁷

200 2414 338 2458 curgo
371 2395 595 2442 videndus
625 2389 842 2440 Nicolaus
875 2394 1061 2454 Cragius
1090 2391 1208 2438 libro
1235 2406 1275 2452 3.
1312 2391 1367 2437 de
1399 2388 1648 2454 Republica
1678 2388 1997 2438 Lacedaemon.
2016 2393 2074 2437 T.
2101 2405 2143 2448 ς.

201 2469 411 2512 Gronov.
435 2467 478 2510 et
501 2481 612 2527 quae
644 2464 822 2527 pridem
854 2463 1007 2508 notaui
1040 2460 1114 2508 lib.
1141 2478 1184 2506 2.
1208 2459 1321 2506 Bibl.
1349 2461 1545 2506 Graecae
1561 2461 1604 2503 'c.
1637 2473 1706 2519 14.
1726 2456 1805 2502 vbi
1828 2469 1870 2502 et
1889 2455 1942 2502 de
1966 2457 2146 2518 legibus
2259 2487 2263 2519 i

204 2532 492 2584 Charondae,
525 2532 729 2586 Zaleuci,
767 2530 997 2577 Zamolxis
1023 2542 1071 2575 .et
1101 2527 1307 2575 aliorum.
1332 2541 1341 2554 ·
1379 2530 1448 2572 De
1472 2528 1674 2588 Lycurgi
1701 2523 1894 2585 legibuS‚
1931 2541 2037 2586 quas
2061 2524 2149 2572 La·-¹
2261 2523 2263 2581 i

206 2598 475 2644 ced-acmone
497 2599 550 2645 de
585 2616 834 2663 puerorum
862 2598 1128 2648 educatione
1155 2596 1285 2654 tulit,
1323 2592 1458 2645 exstat
1487 2593 1656 2643 Abrah.
1683 2592 1872 2655 Krigelii
1901 2592 2141 2643 differt-itio
2214 2603 2221 2606 “
2260 2589 2263 2599 “

206 2664 382 2730 Lipsiae
413 2675 537 2726 1726
561 2668 691 2727 edita,
1835 2657 1837 2659 ¹

2045 2767 2144 2842 vnss
2171 2759 2176 2764 ¹
2255 2840 2258 2891 ι

2241 2966 2263 2994 ⁵¹¹¹

2253 2999 2263 3027 ι]
