2263 3027
922 76 1274 132 VETERVM.
1945 94 2043 150 785

110 219 250 253 annos
273 204 321 250 in
340 204 427 250 illis
450 207 465 265 <
482 205 599 266 regis
621 201 1084 268 Galliaepraecipue)
1116 201 1336 259 insumfit,
1371 205 1438 251 rei
1467 204 1738 267 antiquariae
1769 220 1865 253 nou
1895 207 2072 258 minus,

110 288 242 335 quam
264 272 484 336 pingendi
509 273 698 336 pulchre
723 286 765 318 et
788 270 983 333 caelandi
1002 273 1186 334 peritus.
1258 269 1462 336 Testatus
1483 270 1543 319 est
1562 273 1785 333 Morellus
1804 275 1851 321 in
1871 272 2047 322 laudato

107 337 353 404 specimine
383 341 472 387 iam
504 337 548 387 se
577 335 799 401 collegiffe
827 355 993 385 numos
1024 340 1170 386 ¹vicies
1203 341 1440 404 quinquies
1473 339 1598 387 mille
1616 379 1630 403 ,
1664 341 1689 388 a
1719 358 1810 406 quo
1837 357 2048 406 tempore

105 407 260 472 plures
280 407 450 463 adhuc,
484 424 570 471 qua
590 404 677 453 fuit
709 405 952 466 diligentia,
988 423 1092 453 eum
1115 406 1333 468 indagass'e
1356 424 1448 454 non
1470 406 1529 454 est
1559 407 1869 474 dubitandum.
1898 399 1909 439 l
1938 413 2047 457 Hoc

105 472 260 538 ipsum
284 491 399 539 opus
416 473 495 522 sub
515 475 662 522 indice
685 471 876 519 thesauri
891 473 1166 529 Morelliani,
1188 477 1512 522 commentario
1533 492 1755 539 perpetuo
1780 475 2046 525 illustratum

109 543 252 590 edidit
279 542 534 604 Sigebertus
563 545 933 604 Hauercampus,-
969 539 1212 595 Amstelod.
1250 558 1386 603 1734.
1415 539 1498 591 fol.
1529 543 1651 595 Voll.
1685 547 1741 591 II.
1807 544 2047 606 Eleganter

111 620 294 674 quoque
319 607 448 656 vsum
470 605 788 656 numismatum
805 611 1106 672 'antiquorum
1136 607 1360 656 edifferuit
1381 610 1565 676 Iofi’phus
1585 611 1812 673 Addistmus
1841 613 1887 658 in
1908 611 2046 658 dialo-

107 679 177 738 gis
202 675 489 741 quibusdam,
528 678 605 738 qui
627 674 795 722 exstant
820 692 1012 740 operum
1037 678 1130 723 eius
1151 677 1323 738 anglice
1344 678 1545 723 Londini
1571 683 1715 738 1726.
1742 687 1784 736 8.
1816 679 2046 726 editorum

106 745 212 795 Vol.
239 746 372 801 tertio
393 761 495 808 pag.
518 761 547 802 9
571 741 665 808 sqq.
693 760 735 792 et
754 746 1009 805 germanice
1036 742 1151 792 versi
1181 762 1283 791 cura
1304 745 1495 806 Georgii
1517 746 1652 793 Wilh.
1671 748 1910 808 Pozingeri
1934 762 2045 811 pro-

106 812 230 859 diere
249 813 428 859 Baruthi
455 826 594 874 1740.
623 821 664 867 8.
736 814 821 858 Cui
854 813 1063 873 iungatur
1084 814 1286 858 Ludouici
1313 814 1362 858 de
1382 813 1473 859 Biel
1502 810 1705 873 (Erasmi
1723 815 1964 875 Froelich)
1993 814 2044 860 li·

105 879 274 934 bellus,
299 881 394 943 *qui*
409 876 686 926 inscribitur:
736 880 913 926 Vtilitas
936 882 1002 926 rei
1034 882 1260 927 num-ariae
1281 881 1446 926 veteris
1477 882 1750 944 compendio
1772 880 2043 946 propositae.

101 949 304 993 Viennae
332 944 537 1007 1733J8.
563 963 605 993 et
624 950 750 995 Petri
773 949 998 1013 Vlamingii
1019 951 1162 994 oratio
1195 947 1249 995 de
1277 945 1356 993 vsu
1379 961 1421 993 et
1446 947 1706 1010 praestantia
1727 947 1859 995 studii
1889 965 2044 996 numa—

99 1017 156 1062 rii
180 1013 328 1060 habita
356 1031 494 1074 ¹702·
515 1030 557 1062 et
579 1012 734 1067 excusa
755 1014 1001 1063 Amstelod.
1033 1031 1170 1076 1737.
1199 1032 1244 1072 4.
1311 1018 1382 1061 De
1401 1012 1479 1060 vsu
1499 1031 1746 1062 numorum
1766 1032 1971 1062 veterum
1995 1017 2045 1063 in

97 1081 242 1129 studio
266 1083 526 1144 theologico
560 1081 882 1131 dissertationes
913 1085 1126 1131 Valentini
1150 1083 1311 1146 Ernesti
1329 1083 1545 1144 Loefiheri
1573 1082 1740 1130 exstant
1767 1084 1815 1129 in
1845 1080 2044 1131 eiusdem

97 1153 349 1198 Stromateo
384 1151 635 1197 academico
670 1168 769 1216 pag.
805 1167 893 1214 153
923 1148 1016 1215 sqq.
1085 1155 1154 1198 De
1195 1149 1276 1199 vsu
1325 1151 1576 1198 eorundem
1616 1153 1664 1197 in
1703 1151 2042 1216 interpretando

99 1221 140 1265 S.
162 1218 327 1266 Codice
362 1219 567 1265 videatur
585 1222 750 1284 Aegidii
768 1223 966 1282 Lacarry
993 1217 1192 1284 prolufio
1222 1221 1269 1266 in
1304 1216 1499 1266 eiusdem
1531 1217 1717 1265 historia
1743 1236 1927 1281 romana
1960 1234 2044 1283 per

99 1282 365 1332 numismata
388 1284 595 1332 illustrata
615 1303 713 1348 pag.
743 1300 839 1346 217
866 1285 956 1350 sqq.
1028 1289 1157 1333 Gottl.
1188 1290 1334 1336 Erdm.
1355 1285 1556 1335 Zeibichii
1580 1285 1809 1352 specimen
1839 1283 2043 1334 obserua-

100 1354 279 1398 tionum
322 1353 369 1396 in
415 1355 475 1396 N.
506 1357 564 1401 T,
604 1369 657 1397 ex
697 1351 975 1399 numismatis
1013 1356 1220 1416 antiquis.
1244 1354 1427 1401 Witteb.
1460 1368 1597 1414 1743.
1620 1370 1668 1401 ac
1708 1351 2043 1401 obseruationes

96 1416 239 1465 sacrae
265 1436 318 1465 ex
345 1419 494 1475 numis
522 1420 725 1481 antiquis.
762 1418 871 1468 ibid.
902 1435 1039 1482 1745.
1111 1418 1252 1466 Vsum
1276 1418 1595 1468 numismatum
1618 1423 1665 1468 in
1692 1418 2042 1486 iurisprudentia

99 1488 321 1532 enarrauit
360 1487 477 1533 Ioan.
501 1487 625 1534 Gottl.
650 1490 897 1533 Heineccius
918 1490 965 1533 in
987 1484 1265 1552 praefatione
1295 1486 1528 1552 praemissa
1580 1491 1641 1536 N.
1672 1493 1734 1536 H.
1767 1489 2041 1550 Gundlingii

98 1553 494 1614 exercitationibus
521 1554 793 1600 academicis.
822 1554 964 1601 Halae
999 1564 1138 1615 1736.
1161 1571 1206 1617 4.
1276 1560 1354 1613 De
1376 1546 1525 1603 nurriis
1557 1554 1875 1622 philosophiae
1898 1558 2040 1603 inter-

96 1619 299 1685 pretibus
332 1620 437 1667 vide
459 1623 515 1667 Ιο.
539 1624 654 1667 Frid.
674 1626 901 1668 Bertrami
919 1622 1198 1668 meletemata
1218 1622 1429 1670 litteraria
1446 1626 1549 1688 pag.
1575 1638 1670 1683 ‘237
1690 1621 1786 1687 sqq.
1859 1627 1929 1671 De
1959 1640 2041 1672 nu·

96 1704 511 1734 morninveterum
535 1691 797 1750 cognitione
826 1707 929 1736 cum
958 1688 1141 1736 historia
1181 1691 1405 1752 iungenda
1432 1690 1848 1745 orationem'edidit
1870 1694 2041 1738 Ioannes
2082 1710 2091 1715 ·

17 1781 20 1783 ·
93 1757 236 1811 Olina,
274 1756 474 1802 Venetiis
510 1770 648 1816 1717.
683 1766 722 1806 8.
754 1773 888 1819 quam
917 1762 1041 1806 Ioan.
1076 1759 1186 1807 Erh.
1220 1763 1416 1823 Kappius
1448 1752 1748 1807 recudendam
1784 1761 1955 1805 curauit
1989 1759 2040 1805 in

95 1820 375 1873 orationibus
399 1819 569 1870 seleffiis
590 1821 931 1871 clariffiinorum
949 1826 1191 1879 Virorum,
1226 1843 1352 1891 parte
1379 1844 1416 1879 ῐ.
1435 1844 1533 1891 pag.
1559 1843 1668 1887 554.
1697 1824 1816 1891 Lips.
1844 1840 1979 1886 1722.
1996 1833 2039 1882 8.

90 1893 161 1939 De
182 1907 426 1944 numerum
448 1907 653 1938 veterum
676 1892 723 1937 in
743 1891 998 1940 illustranda
1036 1897 1366 1957 Imperatorum
1395 1898 1706 1943 Roma—norum
1745 1892 1929 1941 historia
1956 1891 2039 1940 vsu

95 1974 387 2023 programma
416 1959 930 2021 exuulgauitJoanHenr.
954 1959 1205 2010 Meibomius
1237 1965 1373 2026 1634.
1442 1967 1512 2011 De
1545 1978 1705 2014 eorum
1744 1978 1856 2009 vero
1885 1963 1933 2008 in
1971 1960 2038 2008 lii-
2090 2026 2093 2027 ⁷

88 2026 224 2074 storia
247 2027 516 2074 Germaniae
541 2029 719 2090 antiqua
751 2025 888 2075 Wolf
902 2026 1082 2076 Balthas.
1106 2048 1128 2076 a
1150 2031 1417 2078 Steinwehr.
1442 2027 1649 2078 Francof.
1672 2030 1724 2077 ad
1746 2029 1875 2077 Viad.
1895 2044 1912 2076 1
1927 2042 2036 2091 742.

93 2094 186 2157 Qi
209 2092 482 2157 compendio
502 2092 817 2142 nobilissimam
837 2097 952 2144 hanc
974 2097 1241 2145 eruditionis
1262 2115 1433 2163 partem
1455 2097 1684 2161 degustare
1706 2099 1950 2152 volucrina
1971 2098 2034 2142 eis

48 2174 50 2176 ·
91 2177 268 2225 praeter
288 2161 431 2207 Caroli
455 2163 602 2207 Patini
630 2160 860 2210 historiam
893 2157 1212 2213 numil'matum
1243 2168 1409 2221 italica,
1449 2168 1602 2229 gallica
1637 2180 1679 2213 et
1710 2166 1841 2211 latina
1880 2162 2034 2223 lingua
2065 2223 2067 2225 Ι

93 2229 280 2284 editam,
317 2241 492 2292 praeter
511 2228 730 2275 eruditam
749 2232 929 2280 Euchcni
948 2235 1074 2279 Gottl.
1095 2234 1265 2280 Rin‘ckii
1287 2233 1659 2287 lucubrationem,
1688 2249 1819 2295 quam
1841 2232 2032 2278 nomine

90 2292 169 2343 suo
193 2298 434 2362 praeterito
455 2295 597 2342 edidit
618 2295 788 2361 Lipsiae
822 2314 959 2363 {7012
982 2316 1025 2362 4.
1065 2300 1120 2346 de
1145 2303 1309 2346 veteris
1336 2297 1614 2347 numismatis
1641 2299 1843 2364 potentia
1864 2313 1905 2343 et
1929 2313 2034 2359 qua-

90 2363 232 2417 litate,
267 2364 648 2411 commendandus
670 2365 846 2414 libellus
864 2368 1021 2429 gallice
1050 2368 1257 2429 vulgatus
1287 2364 1418 2417 Paris.
1452 2376 1591 2428 1693.
1623 2379 1692 2415 12.
1730 2380 1774 2416 et
1793 2362 2030 2411 nouiffime

90 2429 265 2478 recusus
290 2431 397 2479 ibid.
428 2447 567 2494 ¹739-
593 2429 767 2479 duobus
789 2436 926 2481 tomis
959 2437 1006 2482 in
1041 2432 1188 2482 forma
1221 2433 1512 2498 oaopartita,
1545 2432 1624 2480 sub
1654 2432 1786 2480 titulo
1810 2433 1851 2477 la
1866 2432 2029 2493 scicnce

90 2500 159 2545 des
179 2502 417 2555 Medadles,
453 2499 654 2556 afflicte,
691 2503 770 2564 qui
791 2519 959 2550 nomen
981 2501 1108 2550 suum
1132 2501 1365 2568 suppreffit
1393 2506 1441 2550 P.
1462 2501 1669 2560 Joberto,
1704 2497 1874 2547 Iesuita.'
1908 2502 2030 2546 Eun-

32 2604 38 2606 .
91 2565 192 2613 dem
213 2567 417 2614 libellum
436 2569 570 2614 latine
593 2569 863 2616 recuderunt
885 2568 1130 2634 Lipfienses
1160 2577 1298 2630 1695.
1319 2585 1362 2617 et
1388 2580 1529 2629 1718.
1556 2580 1596 2622 8.
1627 2570 1876 2633 interprete
1897 2568 2028 2614 Chri-

89 2631 226 2680 stiano
252 2636 499 2690 Iunckero,
536 2637 641 2683 vide
664 2635 771 2684 Asta
795 2638 928 2684 Erud.
950 2643 1003 2685 A.
1037 2648 1177 2699 1694.
1213 2655 1311 2702 pag.
1337 2651 1430 2699 215
1452 2634 1513 2701 sq.
1537 2652 1580 2684 et
1612 2633 1752 2695 1695·
1785 2652 1887 2700 pag.
1911 2650 2026 2696 442-

87 2704 355 2760 Germanice
380 2701 532 2757 versus
551 2705 667 2757 liber
686 2703 766 2758 iste
788 2704 971 2758 excusus
989 2703 1050 2753 est
1073 2705 1406 2768 Norimbergae
1429 2713 1554 2765 1718
1579 2718 1623 2753 et
1650 2719 1707 2767 17
1715 2710 1790 2766 38.
1816 2710 1858 2758 8.
1930 2706 2026 2765 Op-

996 2777 1040 2823 V
1080 2789 1106 2836 3
1129 2815 1133 2822 ,
1335 2794 1338 2799 ’
1760 2802 1763 2804 Δ
1818 2784 2019 2836 portuna
