2263 3027
205 121 300 170 354
437 103 755 155 0111111111.
825 99 1200 154 lMAGINVM
1233 80 1888 164 VESTEs‚N1M131,ete.

202 229 388 277 cationis
416 245 603 276 carmen
634 227 752 292 apud
783 227 965 273 Liuium
988 224 1066 273 lib.
1086 227 1144 272 V.
1178 241 1212 272 c.
1236 237 1311 274 21.
1341 238 1385 272 et
1417 222 1707 286 Macrobium
1734 227 1816 272 111.
1845 226 2058 278 Saturnal.
2083 239 2130 284 9.

202 293 390 358 Confer,
412 312 524 359 quos
544 296 688 342 laudat
702 297 766 341 10.
782 294 953 342 larkius
972 309 1014 359 p.
1038 308 1148 356 574.
1174 293 1227 339 ad
1247 293 1391 340 Ellam
1421 292 1659 340 Schedium
1683 293 1739 340 de
1757 295 1856 340 Diis
1877 295 2131 355 Germano:-

200 382 317 418 rum,
332 381 381 410 ¹et
406 381 514 426 quae
533 365 624 410 viri
647 359 767 409 dosti
789 360 1336 422 adssPliniu'in'XXVIIIa.
1360 375 1403 407 et
1416 360 1685 423 Fwnqstum
1697 363 1863 408 Iunium
1886 361 1942 419 de
1958 359 2133 426 piffiura

200 436 419 479 Veterum
443 449 486 496 p.
510 447 588 491 70,
618 433 719 479 edit.
744 447 900 478 nouae.
968 432 1026 478 Ιο.
1047 428 1153 492 Guil.
1182 432 1420 494 Berge-rum
1442 426 1618 476 Differt.
1649 427 1816 476 duabus
1837 430 1891 477 de
1911 430 2132 478 euocatio·

201 517 257 548 ne
281 502 484 546 Deorum
505 518 557 547 ex
592 499 773 564 oppidis
793 494 980 546 obsessis.
1013 495 1206 545 Vitemb.
1240 503 1357 556 171‘1
1386 511 1429 544 et
1462 513 1535 555 14.
1603 499 1737 546 Andr.
1760 501 1954 549 Cirimtm
1977 497 2032 545 de
2057 513 2133 546 ve·
2192 558 2196 561 .

202 570 286 614 teri
307 571 450 614 Roma
473 585 507 614 c.
532 586 572 625 4.
611 559 746 614 Thes.
771 566 1061 629 Sa'llengriani
1079 568 1143 613 Τ.
1158 582 1199 613 2.
1221 580 1265 628 p.
1293 582 1370 629 543
1383 561 1471 628 seq.
1546 563 1732 623 Barrzab.
1752 563 2004 630 Brssonium
2022 566 2076 616 L,
2097 579 2131 625 1,.

204 634 260 682 de
282 633 492 681 formulis
515 651 557 682 et
576 631 866 683 sollemnibus
887 638 932 681 P.
954 637 1007 681 R.
1028 632 1180 680 verbis
1199 649 1232 678 c.
1261 645 1367 692 107.
1386 631 1644 698 ibidemque
1665 637 1722 680 V.
1743 637 1791 681 C.
1812 637 1877 681 Io.
1903 629 2133 696 Aug.Bac.·

203 705 380 756 chium,
419 705 494 767 qui
520 721 570 750 ex
596 705 694 750 Liv.
719 706 752 750 Ι.
784 715 855 763 5³5.
875 701 1088 755 ostendit,
1129 703 1360 756 Romanos
1389 717 1441 747 ex
1474 697 1560 748 suis
1592 718 1774 767 quoque
1803 700 1985 750 aedibus
2006 694 2134 761 locis-

202 787 289 835 que
310 774 432 817 Deos
456 768 677 826 euocasse,
718 763 913 835 quorum
935 768 1102 834 templa
1124 784 1393 830 exaugurare
1414 768 1608 826 vellent,
1643 769 1884 836 locumque
1912 769 2042 817 istum
2066 785 2134 817 re·

200 839 372 900 ligione
394 838 604 896 liberare3
641 854 685 888 et
704 843 751 888 P.
777 842 818 886 C.
840 839 1003 901 Anfaldi
1016 837 1182 885 librum
1196 835 1469 899 *fingularem
1485 837 1538 885 de
1558 838 1656 897 Diis
1670 839 1908 886 multarum
1930 838 2133 901 gentium

201 909 394 954 Romam
428 909 634 959 euocatis,
665 908 840 964 Brixiae
867 921 1006 969 1743.
1031 914 1072 963 8.
1142 904 1266 952 Vrbe
1296 922 1419 970 capta
1448 907 1524 951 Dii
1554 903 1771 953 exceffiffe
1804 907 1985 960 crediti,
2028 905 2135 963 Vide

202 975 393 1021 Diodor.
405 975 602 1022 Siculum
624 976 746 1022 XIII.
764 976 890 1021 Sacra
911 991 934 1021 e
955 972 1182 1021 veteribus
1203 975 1337 1019 curiis
1359 975 1404 1019 111
1439 990 1578 1020 nouas
1602 989 1806 1028 euocata,
1839 990 1880 1021 et
1902 992 1954 1020 ex
1980 973 2138 1036 aliqui.-

199 1042 284 1090 bus
306 1041 378 1088 illa
399 1059 482 1106 per
510 1038 779 1104 religionem
813 1044 990 1088 euocat-i
1023 1059 1114 1087 non
1147 1038 1338 1105 potuisse
1369 1038 1520 1088 scribit
1550 1041 1699 1088 Festus
1721 1044 1766 1087 in
1801 1046 1946 1088 Nouae
1978 1046 2138 1086 curiae.

336 1111 451 1156 XIX.
521 1112 724 1175 Imagines
758 1113 960 1156 Deorum
995 1107 1139 1173 pifitae
1163 1125 1253 1156 uon
1274 1111 1423 1155 minus
1454 1126 1585 1173 quam
1610 1107 1803 1174 sculptae
1826 1108 1944 1174 apud
1965 1122 2138 1155 veteres

201 1173 506 1240 celebrantur,
544 1179 600 1224 de
619 1178 779 1240 quibus
797 1174 976 1242 copiose
998 1176 1117 1229 idem
1142 1178 1294 1223 Iunius
1314 1178 1362 1223 111
1385 1177 1596 1239 Catalogo
1615 1176 1858 1224 artificum:
1891 1176 1943 1223 ad
1966 1175 2139 1223 cultum

202 1261 351 1292 tamen
380 1247 595 1309 quoniam
627 1243 773 1292 sensus
808 1247 948 1307 magis
976 1241 1147 1291 feriunt
1175 1246 1370 1309 aptiores
1405 1241 1550 1292 ferme
1579 1241 1697 1291 visae
1716 1240 1816 1290 sunt
1844 1242 2060 1308 sculptae,
2085 1240 2139 1303 'et
2205 1298 2212 1305 ,

201 1315 396 1360 hum-ana
420 1329 468 1358 vt
488 1313 738 1377 plurimum
764 1310 909 1359 forma
923 1332 934 1369 3
970 1329 1080 1375 quae
1115 1327 1164 1358 vt
1187 1312 1440 1374 plurimum
1469 1313 1762 1357 minio-erant
1782 1309 1962 1357 fucatae.
2000 1328 2042 1357 v.
2064 1311 2141 1356 Ci-

203 1396 353 1428 ceron.
377 1381 427 1426 ad
444 1379 616 1427 Diuers.
641 1385 690 1427 L.
706 1382 776 1427 IX.
801 1384 881 1444 Ep.
905 1387 972 1427 16.
997 1378 1155 1440 Virgil.
1180 1373 1336 1439 Ecle.
1360 1392 1439 1438 27.
1462 1377 1575 1424 Plin.
1596 1379 1798 1424 XXXIII.
1823 1392 1870 1436 7.
1892 1392 1936 1424 et
1958 1379 2140 1423 XXXV.

198 1461 280 1497 12.
305 1445 559 1501 Pausaniam
581 1450 626 1494 in
650 1448 854 1495 Achaicis
874 1464 909 1493 c.
937 1463 1014 1507 27.
1035 1462 1079 1510 p.
1105 1461 1211 1505 593.
1236 1446 1346 1491 etin
1377 1445 1606 1493 Arcadicis
1629 1463 1665 1494 c.
1685 1460 1756 1506 39.
1779 1462 1823 1510 p.
1845 1449 1959 1501 681.
1979 1443 2142 1491 Tibul.-

204 1517 296 1563 lum
322 1519 374 1565 11..
405 1533 440 1562 1.
469 1533 540 1575 55.
571 1515 725 1580 ibique
755 1511 1136 1568 Brouckhufium,
1176 1513 1463 1560 Plutarchum
1487 1514 1588 1560 edit.
1610 1510 1728 1579 Lips.
1750 1519 1888 1569 1696.
1910 1509 1991 1559 fol.
2020 1514 2165 1559 Eum·

204 1585 309 1632 dem
349 1582 523 1645 Qaest.
555 1585 686 1629 Rom.
730 1587 800 1647 Q
820 1599 898 1642 97.
929 1597 972 1628 et
993 1579 1251 1628 Arnobium
1282 1579 1561 1643 adv.-.gentes
1589 1598 1636 1646 p.
1675 1587 1780 1639 196.
1862 1576 2034 1629 Confer
2062 1579 2142 1628 Ed-

201 1653 404 1711 mundum
425 1652 652 1714 affy-elium
679 1651 734 1697 de
756 1649 903 1696 statuis
924 1646 1161 1694 illustrium
1184 1650 1494 1695 Romanorum
1518 1665 1610 1714 cap.
1639 1662 1684 1697 2.
1720 1664 1763 1695 et
1782 1649 2069 1694 Alexandrum
2088 1644 2142 1702 ab

206 1719 445 1772 Alexandro
460 1720 538 1763 IV.
575 1733 645 1766 ια.
717 1720 787 1763 De
807 1714 1074 1777 imaginibus
1101 1730 1307 1761 veterum
1330 1714 1587 1762 atrienfibus
1607 1715 1860 1778 praelimin.
1893 1729 1935 1761 et
1963 1712 2141 1760 cubicu-

208 1786 326 1832 lariis
351 1787 440 1846 agit
461 1802 556 1850 pec.
582 1781 801 1831 Dissertat.
823 1786 854 1830 I:
877 1785 937 1832 ll.
960 1783 1196 1829 Schlemius.
1218 1785 1347 1828 lenae
1373 1786 1510 1844 1664.
1561 1783 1760 1828 Pretium
1784 1779 1914 1842 signis
1937 1780 2141 1834 additum

209 1870 301 1900 non
325 1854 463 1899 modo
487 1852 539 1898 ab
559 1855 840 1916 antiquitate,
877 1851 950 1898 vel
973 1852 1187 1912 dignitate
1209 1851 1380 1915 operis,
1420 1850 1615 1895 Numcn'
1631 1847 1681 1895 ab
1704 1864 1796 1895 arte
1816 1850 1967 1895 datum
1979 1844 2026 1888 4⁶
2055 1844 2142 1894 ser·
2182 1911 2184 1914 ,

209 1922 375 1975 nantis,
411 1935 454 1967 ct
474 1938 496 1966 a
517 1921 697 1967 materia
717 1936 767 1967 vt
790 1936 898 1966 auro
920 1919 993 1965 vel
1013 1918 1171 1971 ebore,
1206 1934 1335 1981 atque
1365 1915 1417 1964 ab
1437 1914 1604 1963 artifice
1629 1933 1677 1963 vt
1695 1916 1874 1969 Phidia,
1906 1919 2142 1979 Myrone,

208 1987 439 2042 Praxitele,
464 1984 537 2034 sed
557 1989 687 2034 etiam
716 2006 738 2034 a
761 1985 933 2050 vestibus
954 1985 1116 2050 quibus
1148 1985 1301 2032 induci
1325 1981 1675 2038 consueuerunt‚
1716 1984 1770 2030 de
1800 1982 1960 2047 quibus
1983 1979 2159 2029 confer<

212 2058 495 2105 Wowerium
527 2055 578 2102 ad
608 2057 870 2102 Petronium
910 2071 955 2118 p.
980 2063 1092 2116 477.
1126 2054 1229 2099 edit.
1265 2054 1615 2100 Burmannimme
1637 2086 1648 2106 ‚
1684 2053 1853 2118 ‘Caugii
1880 2048 2140 2114 glossarium

212 2128 436 2173 Graecum
460 2124 506 2170 in
531 2119 671 2175 ποδέοι
687 2158 697 2177 ,
734 2138 776 2169 et
799 2126 954 2168 lanum
975 2119 1300 2167 Brockhusium
1328 2122 1380 2167 ad
1401 2119 1639 2167 Tibullum
1671 2137 1714 2185 p.
1742 2128 1848 2180 398.
1910 2122 1983 2167 De
2006 2115 2140 2170 vesti-

212 2190 385 2240 toribus
422 2188 759 2239 simulacrorum
799 2205 840 2237 et
873 2188 1052 2245 baiuhs,
1098 2191 1384 2256 ἱεροςολιςρὲἲς
1418 2204 1459 2235 et
1489 2186 1754 2254 ἱεροφὲροις,
1806 2183 1967 2254 ξοάνων
1998 2185 2138 2253 &egoa-
2199 2211 2202 2214 >
2260 2180 2262 2214 Ᾰ

212 2263 405 2314 muralis
423 2257 616 2306 Valefius
639 2260 693 2306 ad
714 2259 954 2306 Sozomeni
977 2255 1053 2303 lib.
1077 2260 1133 2302 V.·
1154 2274 1244 2322 cap.
1275 2272 1313 2317 3.
1384 2263 1448 2304 Ac
1479 2259 1570 2303 vela
1598 2256 1771 2324 oppansa
1804 2253 2073 2317 imaginibus
2095 2267 2139 2300 et

212 2328 380 2381 statuis,
413 2328 482 2374 die
513 2344 657 2374 autem
695 2323 803 2374 festo
824 2342 874 2372 1-1
903 2321 1100 2389 conspici
1122 2324 1216 2371 illae
1238 2322 1411 2390 pollent
1434 2339 1604 2374 remota
1627 2327 1788 2371 iterum
1817 2321 1942 2371 fuiss'e
1966 2322 2138 2369 notauit

213 2395 385 2462 Liplius
409 2394 483 2443 lib.
516 2414 548 2444 1.
569 2394 747 2443 010801.
776 2413 812 2443 c.
842 2410 916 2452 29.
964 2392 1218 2457 ‘Capitibus
1249 2395 1495 2455 imaginum
1530 2411 1552 2439 a
1589 2408 1747 2457 quarto
1775 2394 1861 2438 iam
1881 2389 2051 2439 saeculo
2075 2396 2143 2436 ra·

216 2464 356 2522 diatos
394 2462 628 2528 impositos
670 2463 896 2510 orbiculos
927 2461 1100 2508 lunulas
1130 2461 1202 2507 vel
1237 2461 1423 2508 corollas
1465 2462 1646 2508 radiatas
1678 2459 1946 2523 nimbosque
1985 2456 2138 2520 multis
2191 2475 2193 2479 ·
2257 2478 2260 2483 ’

217 2531 346 2576 docet
378 2535 547 2578 Ioannes
569 2533 767 2582 Nicolaio‘
789 2529 1047 2596 μακαρίτης
1069 2530 1114 2575 111
1144 2526 1235 2575 diff.
1258 2529 1312 2576 de
1342 2529 1490 2576 nimbis
1523 2531 1811 2592 antiquorum
1841 2544 1952 2591 quae
1978 2526 2138 2588 Imagi-

215 2597 346 2644 nibus
368 2603 572 2645 Deorum
587 2635 597 2653 ,
622 2604 668 2639 47
712 2603 1043 2664 Imperatorum
1063 2595 1419 2650 οἱπεθεωθέντων
1441 2597 1554 2646 011111
1578 2613 1620 2645 et
1644 2613 1763 2645 nunc
1786 2593 2049 2648 Sanffiorum
2073 2611 2138 2641 ca-

1552 2676 1559 2681 ·
2072 2662 2139 2710 ’111-

269 2726 308 2759 4⁶
338 2728 454 2768 Silius
474 2729 623 2769 Italicus
645 2731 706 2770 lib.
734 2732 834 2771 XIV.
856 2733 948 2787 664,
1429 2746 1432 2748 ’
1752 2749 1756 2754 ·
2035 2680 2065 2729 P
2098 2740 2102 2743 ’

268 2789 305 2816 ⁴7
338 2785 437 2833 Vide
463 2795 499 2824 et
516 2785 622 2824 Gisb.
644 2789 786 2838 Cuperi
804 2787 1103 2831 Obseruatioues
1125 2788 1149 2830 l.
1172 2799 1209 2831 2.
1233 2802 1263 2829 c.
1284 2788 1348 2841 16.
1404 2786 1593 2831 Florentis
1619 2781 1825 2827 Christiani
1855 2794 1964 2826 notas
1985 2784 2032 2826 ad
2054 2785 2137 2824 Ari·

2068 2839 2141 2881 lto·
2191 2854 2193 2856 ·
2257 2848 2259 2851 ’
