2263 3027
215 149 309 204 348
603 135 752 189 cAP.
788 131 925 186 vm.
1003 132 1095 188 DE
1123 133 1253 189 Diis
1289 133 1813 190 GERMANORVM.

216 263 486 314 ‘Academiae
509 257 797 325 Inscription.
823 256 922 325 p'ag.
937 264 1012 322 63.
1032 257 1152 324 seqq.
1260 263 1331 307 De
1359 263 1458 307 Diis
1480 261 1756 323 Etruscorum
1784 257 1964 325 copiose
1985 259 2152 309 disserit

220 333 448 382 Antonius
474 326 727 375 Franciscus
751 331 920 375 Gorius
942 332 1066 376 Parte
1087 325 1273 375 secunda
1286 327 1430 375 Musei
1452 327 1647 376 Etrusci..
1683 332 1752 375 De
1770 328 2036 376 Sabinorum
2048 332 2148 376 Deo

220 403 350 448 Sanco
375 396 463 443 fiue
493 395 643 443 Samsio
670 393 825 442 confer
854 398 1159 460 Dausqueium
1187 396 1240 442 ad
1268 397 1425 442 Silium
1459 396 1662 442 Italicum
1691 413 1734 461 p.
1764 411 1869 459 353.
1893 392 1980 459 seq.
2080 399 2151 444 De

216 462 524 532 cognominibus
543 467 746 510 Deorum
767 459 936 528 scripsit
955 479 1132 528 praeter
1165 465 1328 510 lulium
1354 464 1589 511 Aurelium
1609 480 1709 510 ante
1727 464 1951 509 laudatum
1966 498 1976 517 ,
1998 467 2152 510 Petrus

215 533 402 581 Iacobus
428 529 794 582 Montefalchius.
838 530 1035 579 Perusiae
1066 546 1205 592 1525.
1226 546 1272 595 4.
1342 534 1411 577 De
1423 532 1565 597 lingua
1586 535 1792 579 Deorum
1814 528 2150 580 Ioan.God0fr.

214 601 599 650 Lackemacherus
620 596 855 648 obseruatt.
875 598 1095 664 philolog.
1116 601 1160 643 P.
1188 598 1260 646 lll.
1284 614 1330 660 p.
1349 613 1459 653 250.

353 671 471 714 XVI.
549 669 618 713 De
646 668 745 712 Diis
773 669 1012 714 Germanis
1043 681 1086 713 et
1105 666 1249 711 veteri
1281 668 1648 724 Germanorum,
1684 665 1944 719 Gallorum,
1980 666 2151 713 Britan-

213 752 383 785 norum
415 735 637 796 religione
668 730 996 796 syngrammata
1035 748 1224 797 quatuor
1264 728 1520 796 composuit
1553 733 1665 778 Elias
1699 734 1894 780 Schedius
1924 739 1974 780 Α.
2008 737 2147 796 1641.

213 801 473 851 VVarsoviae
494 800 704 848 vicesimo
725 798 848 848 sexto
872 803 1021 848 aetatis
1044 815 1161 847 anno
1184 797 1442 865 eumelus}
1464 800 1540 863 qui
1564 799 1805 863 perdofilms
1828 798 2018 866 scriptor
2037 801 2147 848 dici-

211 886 287 918 tur
314 889 335 917 a
357 871 548 917 Seldeno
564 870 595 916 l.
615 869 670 916 de
691 869 923 932 Synedriis
942 886 984 933 p.
1004 883 1116 931 41¹7.
1187 870 1527 930 Syngrammata
1548 866 1623 912 illa
1639 865 1737 931 post
1757 865 1949 914 aufi'tor‘is
1969 867 2146 916 obitum

209 940 262 986 ifn
285 940 432 985 lucem
455 936 594 984 edidit
616 940 743 982 Pater
767 939 860 982 eius
883 939 1109 997 Georgius
1143 935 1379 990 Schedius,
1414 929 1582 983 Remer
1601 934 1785 982 Scholae
1800 933 2148 991 Gustrovienfis,

210 1005 352 1054 Amst.
389 1011 522 1060 ¹648·
548 1014 587 1059 8.
623 1000 771 1051 recusa
803 1020 904 1050 cum
935 1006 1052 1049 notis
1083 1005 1194 1048 Ioan.
1225 1004 1362 1049 [aricii
1383 1000 1598 1049 Stadcnfis
1618 1002 1760 1048 Halae
1790 1015 1929 1061 1727.
1954 1012 1997 1059 8.
2020 1019 2148 1066 prae-

208 1071 336 1120 missa
355 1069 632 1136 praefatione
656 1070 871 1126 Fabricii,
905 1087 947 1118 et
976 1071 1121 1116 addita
1144 1066 1250 1116 Diss'.
1284 1071 1345 1117 lo.
1369 1073 1537 1131 Georg.
1562 1070 1764 1132 Keysleri
1786 1069 1840 1116 de
1862 1070 1984 1116 cultu
2006 1071 2145 1127 Solis„

208 1143 333 1188 Freii
356 1155 399 1186 et
421 1140 596 1186 Othini.
664 1141 733 1184 De
769 1139 1105 1187 Germanorum
1127 1138 1225 1184 Diis
1249 1153 1425 1201 praeter
1445 1155 1492 1184 ea
1527 1154 1637 1200 quae
1660 1139 1749 1182 viri
1781 1135 1900 1184 doffi
1925 1137 1976 1184 ad
1999 1134 2147 1184 Caesa-

209 1225 309 1256 rem
343 1207 398 1254 de
430 1206 549 1255 Bello
576 1206 752 1253 Gallico
787 1210 863 1252 VI.
893 1223 962 1264 ¹7·
985 1221 1028 1252 et
1058 1222 1131 1253 21.
1166 1220 1209 1252 et
1235 1207 1445 1251 Tacitum
1487 1204 1541 1250 de
1574 1207 1910 1251 Germanorum
1940 1204 2170 1251 moribus¹

209 1293 304 1341 cap.
331 1293 373 1333 9.
406 1290 449 1321 et
478 1288 555 1337 43.
581 1289 624 1321 et
653 1274 940 1321 Helmondus
972 1275 1019 1319 in
1055 1273 1285 1319 Chronico
1316 1273 1552 1318 Slavorum
1586 1271 1663 1318 lib.
1699 1287 1732 1318 ι.
1768 1287 1803 1319 c.
1829 1279 1905 1325 82.
1938 1287 2068 1334 atque
2094 1274 2143 1318 in

206 1359 330 1393 notis
352 1342 404 1388 ad
432 1359 535 1388 eum
574 1344 802 1388 Henricus
832 1345 1074 1400 Bangertus
1106 1355 1148 1401 p.
1180 1353 1283 1394 125.
1305 1335 1425 1400 seqq.
1493 1337 1668 1381 Paullus
1699 1337 2072 1397 Hachenbergius
2094 1340 2143 1386 in

205 1411 454 1458 Germania
486 1410 701 1471 Antiqua,
738 1403 847 1452 Diss.
886 1412 928 1460 8.
960 1408 1031 1452 cui
1064 1419 1213 1450 tamen
1243 1400 1389 1450 nescio
1429 1419 1484 1450 an
1515 1403 1673 1466 aliquis
1704 1400 1835 1450 facile
1865 1400 2142 1460 assentietur,

206 1478 334 1541 quod
355 1476 453 1524 Lib.
482 1491 517 1524 1.
539 1492 573 1522 c.
597 1491 674 1531 29.
711 1471 904 1538 disputat
935 1488 1011 1520 eos
1042 1468 1120 1518 sub
1147 1470 1284 1531 Solis,
1316 1475 1470 1518 Lunae
1503 1486 1545 1517 et
1575 1472 1696 1532 Ignis
1726 1470 1815 1518 fine
1838 1471 2028 1518 Vulcani
2062 1486 2142 1518 no·

204 1544 405 1592 minibus
426 1546 492 1590 SS.
515 1543 789 1589 Trinitatem
811 1555 1046 1587 veneratos
1086 1535 1229 1586 fuiffe.
1317 1538 1522 1585 Burcard.
1552 1538 1710 1585 Gotth.
1740 1539 1942 1585 Struuius
1961 1541 2007 1586 in
2031 1542 2141 1602 Syn·

206 1625 400 1673 tagmate
424 1608 651 1661 Historiae
673 1609 968 1656 Ger-manicae
999 1602 1106 1651 Diss.
1131 1621 1171 1650 2.
1242 1607 1649 1652 Anton.l3anierius
1673 1605 1931 1669 mytholog.
1947 1607 2140 1670 explica-

206 1692 278 1725 tae
289 1678 395 1724 Vol.
420 1677 477 1726 11.
497 1679 540 1721 P.
566 1675 618 1723 ll.
649 1675 746 1722 Lib.
761 1689 801 1723 2.
816 1691 849 1720 c.
865 1687 978 1734 254.
1013 1672 1157 1718 Multa
1185 1672 1316 1718 etiam
1338 1673 1574 1735 Philippus
1587 1673 1805 1718 Cluuerus
1826 1675 1875 1718 in
1896 1676 2140 1727 Germania

205 1748 417 1809 Antiqua.
489 1742 643 1789 Solent
666 1743 797 1789 etiam
821 1741 876 1787 'de
896 1740 1148 1786 idololatria
1168 1754 1210 1785 et
1229 1740 1450 1799 religione
1469 1742 1804 1786 Germanorum
1826 1739 2040 1801 quaedam
2066 1756 2138 1785 an-

205 1828 363 1860 notare
388 1811 749 1862 Chronieorum‚
791 1808 1059 1860 Annalium,
1098 1805 1402 1853 Historiarum
1435 1821 1478 1853 et
1511 1805 1876 1852 memorabilium
1900 1803 2137 1870 scriptores

202 1881 287 1943 qui
309 1893 452 1944 partes
472 1876 739 1924 Germaniae
762 1874 1018 1940 persequuti
1042 1871 1166 1928 sunt,
1203 1865 1254 1920 vt‘
1292 1876 1354 1921 lo.
1385 1876 1635 1921 Auentinus
1662 1876 1709 1921 in
1742 1873 1988 1920 Annalibus
2009 1875 2137 1921 Boio-

202 1964 331 2002 rum,
374 1945 585 1993 Albertus
599 1943 1095 1995 CrantziusinSaxonia
1113 1957 1155 1988 et
1167 1942 1439 2006 Metropoli,
1476 1943 1700 2002 Georgius
1720 1940 1948 1987 Fabricius
1969 1956 2011 1987 et
2021 1945 2136 1989 Dav.

201 2015 455 2078 Chytraeus
475 2014 522 2058 in
545 2013 755 2065 Saxonia,
794 2014 856 2059 lo.
890 2011 1121 2057 Pomarius
1150 2011 1195 2071 in
1229 2009 1459 2055 Chronico
1493 2012 1717 2056 Saxonum
1750 2010 2018 2055 Germanice
2039 2009 2137 2057 vul·

201 2097 331 2144 gam,
365 2085 520 2128 Petrus
545 2079 734 2125 Albinus
757 2080 804 2124 in
826 2079 1055 2124 Chronico
1087 2072 1321 2128 Misnenfi,
1357 2074 1516 2140 Caspai·
1545 2077 1801 2137 Sagittarius
1828 2078 1876 2122 in
1902 2078 2135 2140 antiquita-

202 2149 323 2197 tibus
345 2148 607 2196 Gentilismi
626 2147 845 2208 regnique
864 2144 1165 2205 Thuringici‚
1201 2143 1323 2206 quod
1351 2161 1374 2190 a
1402 2144 1540 2190 Thoro
1559 2142 1646 2190 fiuc
1667 2145 1773 2190 Ioue
1794 2146 2136 2193 Germanorum

201 2232 249 2264 et
270 2214 686 2281 septentrionalium
713 2213 989 2277 populorum
1012 2227 1180 2258 nomen
1201 2208 1345 2257 tulisse
1364 2211 1618 2259 contendit:
1649 2211 1903 2259 Fridericus
1925 2215 2064 2258 Lucas
2083 2212 2134 2258 in

201 2281 574 2331 memorabilibus
593 2279 763 2328 Silefme
783 2317 796 2337 ,
832 2295 956 2345 parte
980 2293 1019 2329 2.
1090 2282 1154 2326 Io.
1169 2277 1414 2343 Stumpfius
1433 2281 1479 2325 in
1504 2280 2009 2338 ChronicoHeluetiae‚
2031 2278 2132 2326 Val-

201 2349 330 2399 uasor
351 2354 394 2399 iu
419 2356 489 2399 bet
515 2349 632 2401 (ἒβη
659 2355 733 2397 bess
754 2347 1070 2411 ssctgogtbumss
1094 2348 1225 2393 Crain
1248 2350 1305 2392 T.
1326 2362 1361 2394 1.
1385 2364 1424 2412 p.
1445 2363 1518 2406 55.
1539 2345 1625 2411 seq.
1646 2351 1706 2395 T.
1720 2348 1821 2394 VII.
1853 2364 1897 2412 p.
1914 2362 2019 2408 373.
2041 2343 2129 2409 seq.

200 2421 306 2465 Ern.
331 2418 477 2465 Ioach.
500 2418 556 2464 tle
567 2414 853 2480 Westphalen
866 2413 1050 2480 praefat.
1069 2418 1128 2461 T.
1143 2415 1220 2466 lv,
1249 2430 1651 2462 monumentorum
1676 2414 1950 2480 ineditorum
1975 2429 2131 2461 rerum

201 2488 508 2532 Germanicar.
530 2501 572 2549 p.
593 2497 689 2533 200
711 2511 726 2518 -
763 2500 873 2544 241.
941 2482 1115 2529 Samuel
1140 2479 1326 2528 Groffcr
1352 2488 1394 2530 in
1416 2488 1493 2531 ben
1515 2479 1788 2544 ἑαιιὶἶῐρὶΐάρεη
1808 2479 2130 2541 Ἧέεΐῗωῦῑῦίςςε

199 2551 350 2599 reiten.
427 2550 587 2615 Caspar
609 2551 801 2598 Caluoer
822 2555 880 2599 im
903 2553 1017 2600 alten
1039 2549 1305 2613 benonisdssn
1326 2549 1665 2614 ffliebetfacbfen.
1730 2550 1850 2594 Ioan.
1864 2547 2129 2596 Mieh.Hei-

200 2618 379 2665 neccius
401 2619 446 2662 in
469 2617 821 2681 Antiquitatibus
844 2615 1212 2664 Goslarienfibus.
1289 2620 1352 2663 Io.
1374 2621 1543 2680 Georg.
1563 2615 1781 2664 Eccardus
1805 2616 1852 2661 in
1872 2617 2127 2663 Comment.

200 2684 257 2731 de
277 2682 425 2729 Rebus
444 2687 652 2730 Franciae
675 2686 930 2732 orientalis.
1029 2685 1413 2738 Ioan2Bernhard.
1443 2684 1703 2746 Wegelinus
1737 2683 1785 2729 in
1806 2679 2039 2729 Thesauro
2060 2697 2128 2729 re-

199 2767 305 2802 rum
324 2751 625 2800 Sueuicarum.
659 2750 768 2800 Diff.
783 2766 858 2806 12.
886 2766 1054 2820 13.14.
1129 2752 1258 2804 Hinc
1293 2751 1682 2804 commemorandi
1715 2751 1928 2818 Trogillus
1953 2749 2130 2825 Arnlujct

2075 2831 2127 2866 m
