<?xml version="1.0" encoding="UTF-8"?>
<!DOCTYPE html PUBLIC "-//W3C//DTD XHTML 1.0 Transitional//EN"
    "http://www.w3.org/TR/xhtml1/DTD/xhtml1-transitional.dtd">
<html xmlns="http://www.w3.org/1999/xhtml" xml:lang="en" lang="en">
 <head>
  <title>
</title>
<meta http-equiv="Content-Type" content="text/html;charset=utf-8" />
  <meta name='ocr-system' content='tesseract 3.04.00' />
  <meta name='ocr-capabilities' content='ocr_page ocr_carea ocr_par ocr_line ocrx_word'/>
</head>
<body>
  <div class='ocr_page' id='page_1' title='image "./ioalbertifabrici00fabr/ioalbertifabrici00fabr_0767.png"; bbox 0 0 2263 3027; ppageno 0'>
   <div class='ocr_carea' id='block_1_1' title="bbox 0 2387 13 2600">
    <p class='ocr_par' dir='ltr' id='par_1_1' title="bbox 0 2387 13 2600">
     <span class='ocr_line' id='line_1_1' title="bbox 0 2387 13 2600; textangle 90"><span class='ocrx_word' id='word_1_1' title='bbox 0 2561 11 2600; x_wconf 36' lang='lat'>*⁴*</span> <span class='ocrx_word' id='word_1_2' title='bbox 8 2547 13 2555; x_wconf 69' lang='grc'><strong>,</strong></span> <span class='ocrx_word' id='word_1_3' title='bbox 0 2479 11 2526; x_wconf 62' lang='grc' dir='ltr'><strong>-;-“ῐ</strong></span> <span class='ocrx_word' id='word_1_4' title='bbox 0 2387 10 2474; x_wconf 56' lang='grc' dir='ltr'>σεπςῑ</span> 
     </span>
    </p>
   </div>
   <div class='ocr_carea' id='block_1_2' title="bbox 77 2500 2035 2574">
    <p class='ocr_par' dir='ltr' id='par_1_2' title="bbox 77 2500 2035 2574">
     <span class='ocr_line' id='line_1_2' title="bbox 77 2500 2035 2574; baseline -0.005 -19"><span class='ocrx_word' id='word_1_5' title='bbox 77 2502 162 2555; x_wconf 84' lang='lat' dir='ltr'>.ses</span> <span class='ocrx_word' id='word_1_6' title='bbox 179 2525 231 2574; x_wconf 50' lang='lat' dir='ltr'>p„</span> <span class='ocrx_word' id='word_1_7' title='bbox 250 2521 341 2568; x_wconf 83' lang='lat'>245</span> <span class='ocrx_word' id='word_1_8' title='bbox 368 2503 427 2571; x_wconf 92' lang='lat' dir='ltr'>sq.</span> <span class='ocrx_word' id='word_1_9' title='bbox 450 2504 529 2553; x_wconf 81' lang='lat' dir='ltr'>vbi</span> <span class='ocrx_word' id='word_1_10' title='bbox 551 2503 773 2567; x_wconf 79' lang='lat' dir='ltr'>sigillatim</span> <span class='ocrx_word' id='word_1_11' title='bbox 795 2509 884 2568; x_wconf 87' lang='lat' dir='ltr'>agit</span> <span class='ocrx_word' id='word_1_12' title='bbox 908 2508 962 2554; x_wconf 84' lang='lat' dir='ltr'>de</span> <span class='ocrx_word' id='word_1_13' title='bbox 982 2507 1255 2572; x_wconf 80' lang='lat' dir='ltr'>lapidatione</span> <span class='ocrx_word' id='word_1_14' title='bbox 1274 2506 1488 2569; x_wconf 77' lang='lat' dir='ltr'>Stephani</span> <span class='ocrx_word' id='word_1_15' title='bbox 1507 2519 1550 2551; x_wconf 87' lang='lat' dir='ltr'>et</span> <span class='ocrx_word' id='word_1_16' title='bbox 1580 2519 1680 2568; x_wconf 81' lang='lat' dir='ltr'>pag.</span> <span class='ocrx_word' id='word_1_17' title='bbox 1712 2516 1803 2564; x_wconf 86' lang='lat'>275</span> <span class='ocrx_word' id='word_1_18' title='bbox 1829 2500 2035 2549; x_wconf 73' lang='lat' dir='ltr'>obferunt</span> 
     </span>
    </p>
   </div>
   <div class='ocr_carea' id='block_1_3' title="bbox 596 155 2029 221">
    <p class='ocr_par' dir='ltr' id='par_1_3' title="bbox 596 155 2029 221">
     <span class='ocr_line' id='line_1_3' title="bbox 596 155 2029 221; baseline -0.013 -9"><span class='ocrx_word' id='word_1_19' title='bbox 596 158 875 212; x_wconf 79' lang='lat' dir='ltr'>POENAE</span> <span class='ocrx_word' id='word_1_20' title='bbox 912 157 1101 208; x_wconf 86' lang='lat' dir='ltr'><strong>APVD</strong></span> <span class='ocrx_word' id='word_1_21' title='bbox 1146 155 1517 209; x_wconf 68' lang='lat' dir='ltr'>HERBAEOS.</span> <span class='ocrx_word' id='word_1_22' title='bbox 1928 170 2029 221; x_wconf 71' lang='lat'>747</span> 
     </span>
    </p>
   </div>
   <div class='ocr_carea' id='block_1_4' title="bbox 82 276 2029 413">
    <p class='ocr_par' dir='ltr' id='par_1_4' title="bbox 82 276 2029 413">
     <span class='ocr_line' id='line_1_4' title="bbox 82 276 2029 351; baseline -0.004 -16"><span class='ocrx_word' id='word_1_23' title='bbox 82 297 253 351; x_wconf 85' lang='lat' dir='ltr'>nesque</span> <span class='ocrx_word' id='word_1_24' title='bbox 284 285 584 341; x_wconf 75' lang='lat' dir='ltr'>conciliorum</span> <span class='ocrx_word' id='word_1_25' title='bbox 621 281 663 332; x_wconf 83' lang='lat' dir='ltr'>et</span> <span class='ocrx_word' id='word_1_26' title='bbox 697 282 938 348; x_wconf 86' lang='lat' dir='ltr'>scriptores</span> <span class='ocrx_word' id='word_1_27' title='bbox 966 284 1073 329; x_wconf 89' lang='lat' dir='ltr'>iuris</span> <span class='ocrx_word' id='word_1_28' title='bbox 1105 286 1278 330; x_wconf 85' lang='lat' dir='ltr'>Graeco</span> <span class='ocrx_word' id='word_1_29' title='bbox 1303 282 1497 332; x_wconf 87' lang='lat' dir='ltr'>Romani</span> <span class='ocrx_word' id='word_1_30' title='bbox 1519 297 1573 327; x_wconf 84' lang='lat' dir='ltr'>ex</span> <span class='ocrx_word' id='word_1_31' title='bbox 1602 276 1804 327; x_wconf 84' lang='lat' dir='ltr'>instituto</span> <span class='ocrx_word' id='word_1_32' title='bbox 1827 278 2029 328; x_wconf 85' lang='lat' dir='ltr'>recensui</span> 
     </span>
     <span class='ocr_line' id='line_1_5' title="bbox 84 347 2025 413; baseline -0.004 -12"><span class='ocrx_word' id='word_1_33' title='bbox 84 355 204 408; x_wconf 87' lang='lat' dir='ltr'>libro</span> <span class='ocrx_word' id='word_1_34' title='bbox 228 352 350 401; x_wconf 80' lang='lat' dir='ltr'>sexto</span> <span class='ocrx_word' id='word_1_35' title='bbox 379 354 675 400; x_wconf 70' lang='lat' dir='ltr'>Bibliothecae</span> <span class='ocrx_word' id='word_1_36' title='bbox 698 356 913 401; x_wconf 75' lang='lat' dir='ltr'>Graecae,</span> <span class='ocrx_word' id='word_1_37' title='bbox 956 349 1116 413; x_wconf 85' lang='lat' dir='ltr'>quibus</span> <span class='ocrx_word' id='word_1_38' title='bbox 1151 351 1352 398; x_wconf 82' lang='lat' dir='ltr'>addenda</span> <span class='ocrx_word' id='word_1_39' title='bbox 1384 349 1444 397; x_wconf 88' lang='lat' dir='ltr'>est</span> <span class='ocrx_word' id='word_1_40' title='bbox 1475 347 1680 396; x_wconf 64' lang='lat' dir='ltr'>colleffiio</span> <span class='ocrx_word' id='word_1_41' title='bbox 1711 348 2025 402; x_wconf 86' lang='lat' dir='ltr'>conciliorum,</span> 
     </span>
    </p>
   </div>
   <div class='ocr_carea' id='block_1_5' title="bbox 36 414 2028 486">
    <p class='ocr_par' dir='ltr' id='par_1_5' title="bbox 36 414 2028 486">
     <span class='ocr_line' id='line_1_6' title="bbox 36 414 2028 486; baseline -0.004 -17"><span class='ocrx_word' id='word_1_42' title='bbox 36 423 37 426; x_wconf 58' lang='grc'>’</span> <span class='ocrx_word' id='word_1_43' title='bbox 87 439 198 486; x_wconf 80' lang='lat' dir='ltr'>quae</span> <span class='ocrx_word' id='word_1_44' title='bbox 215 424 416 477; x_wconf 73' lang='lat' dir='ltr'>Veneriis</span> <span class='ocrx_word' id='word_1_45' title='bbox 448 430 590 482; x_wconf 88' lang='lat'><em>1728.</em></span> <span class='ocrx_word' id='word_1_46' title='bbox 623 421 784 465; x_wconf 87' lang='lat' dir='ltr'>Tomis</span> <span class='ocrx_word' id='word_1_47' title='bbox 808 432 885 469; x_wconf 76' lang='lat'>21.</span> <span class='ocrx_word' id='word_1_48' title='bbox 908 415 1044 473; x_wconf 71' lang='lat' dir='ltr'>folio,</span> <span class='ocrx_word' id='word_1_49' title='bbox 1074 419 1272 481; x_wconf 83' lang='lat' dir='ltr'>prodiit,</span> <span class='ocrx_word' id='word_1_50' title='bbox 1309 422 1380 464; x_wconf 91' lang='lat' dir='ltr'>cui</span> <span class='ocrx_word' id='word_1_51' title='bbox 1416 414 1683 464; x_wconf 81' lang='lat' dir='ltr'>accesserunt</span> <span class='ocrx_word' id='word_1_52' title='bbox 1705 415 1794 462; x_wconf 87' lang='lat' dir='ltr'>duo</span> <span class='ocrx_word' id='word_1_53' title='bbox 1821 417 2028 480; x_wconf 80' lang='lat' dir='ltr'>tomi&#39;ap-</span> 
     </span>
    </p>
   </div>
   <div class='ocr_carea' id='block_1_6' title="bbox 85 481 2031 1023">
    <p class='ocr_par' dir='ltr' id='par_1_6' title="bbox 85 481 2031 1023">
     <span class='ocr_line' id='line_1_7' title="bbox 85 481 2026 554; baseline -0.003 -19"><span class='ocrx_word' id='word_1_54' title='bbox 85 506 346 554; x_wconf 78' lang='lat' dir='ltr'>paratuum,</span> <span class='ocrx_word' id='word_1_55' title='bbox 383 488 438 534; x_wconf 91' lang='lat' dir='ltr'>ib.</span> <span class='ocrx_word' id='word_1_56' title='bbox 464 504 604 549; x_wconf 82' lang='lat'>1733.</span> <span class='ocrx_word' id='word_1_57' title='bbox 626 483 706 532; x_wconf 87' lang='lat' dir='ltr'>fol.</span> <span class='ocrx_word' id='word_1_58' title='bbox 782 486 1041 531; x_wconf 85' lang='lat' dir='ltr'>Editionem</span> <span class='ocrx_word' id='word_1_59' title='bbox 1072 488 1276 531; x_wconf 90' lang='lat' dir='ltr'>omnium</span> <span class='ocrx_word' id='word_1_60' title='bbox 1309 486 1606 531; x_wconf 88' lang='lat' dir='ltr'>conciliorum</span> <span class='ocrx_word' id='word_1_61' title='bbox 1637 481 2026 547; x_wconf 67' lang='lat' dir='ltr'>locupletissimam</span> 
     </span>
     <span class='ocr_line' id='line_1_8' title="bbox 86 549 2030 620; baseline -0.003 -17"><span class='ocrx_word' id='word_1_62' title='bbox 86 556 130 603; x_wconf 87' lang='lat' dir='ltr'>se</span> <span class='ocrx_word' id='word_1_63' title='bbox 165 574 318 620; x_wconf 78' lang='lat' dir='ltr'>parare</span> <span class='ocrx_word' id='word_1_64' title='bbox 360 554 618 616; x_wconf 74' lang='lat' dir='ltr'>significauit</span> <span class='ocrx_word' id='word_1_65' title='bbox 659 555 880 599; x_wconf 78' lang='lat' dir='ltr'>Antonius</span> <span class='ocrx_word' id='word_1_66' title='bbox 912 555 1035 598; x_wconf 78' lang='lat' dir='ltr'>Zatta</span> <span class='ocrx_word' id='word_1_67' title='bbox 1078 554 1125 597; x_wconf 86' lang='lat' dir='ltr'>in</span> <span class='ocrx_word' id='word_1_68' title='bbox 1159 551 1399 616; x_wconf 54' lang='lat' dir='ltr'>conspe&amp;</span> <span class='ocrx_word' id='word_1_69' title='bbox 1440 549 1698 598; x_wconf 74' lang='lat' dir='ltr'>nouissimae</span> <span class='ocrx_word' id='word_1_70' title='bbox 1738 568 1785 596; x_wconf 87' lang='lat' dir='ltr'>ac</span> <span class='ocrx_word' id='word_1_71' title='bbox 1818 553 2030 597; x_wconf 86' lang='lat' dir='ltr'>omnium</span> 
     </span>
     <span class='ocr_line' id='line_1_9' title="bbox 88 616 2028 688; baseline -0.004 -18"><span class='ocrx_word' id='word_1_72' title='bbox 88 622 452 688; x_wconf 78' lang='lat' dir='ltr'>locupletiffimae</span> <span class='ocrx_word' id='word_1_73' title='bbox 472 620 696 668; x_wconf 85' lang='lat' dir='ltr'>sacrorum</span> <span class='ocrx_word' id='word_1_74' title='bbox 726 621 1024 667; x_wconf 86' lang='lat' dir='ltr'>conciliorum</span> <span class='ocrx_word' id='word_1_75' title='bbox 1049 620 1281 672; x_wconf 80' lang='lat' dir='ltr'>editionis,</span> <span class='ocrx_word' id='word_1_76' title='bbox 1323 637 1453 684; x_wconf 85' lang='lat' dir='ltr'>quam</span> <span class='ocrx_word' id='word_1_77' title='bbox 1478 616 1696 666; x_wconf 86' lang='lat' dir='ltr'>societatis</span> <span class='ocrx_word' id='word_1_78' title='bbox 1725 634 1855 664; x_wconf 86' lang='lat' dir='ltr'>more</span> <span class='ocrx_word' id='word_1_79' title='bbox 1875 633 2028 678; x_wconf 82' lang='lat' dir='ltr'>aggre-</span> 
     </span>
     <span class='ocr_line' id='line_1_10' title="bbox 87 684 2029 750; baseline -0.005 -12"><span class='ocrx_word' id='word_1_80' title='bbox 87 692 231 747; x_wconf 83' lang='lat' dir='ltr'>ditur,</span> <span class='ocrx_word' id='word_1_81' title='bbox 270 691 474 750; x_wconf 85' lang='lat' dir='ltr'>euulgato</span> <span class='ocrx_word' id='word_1_82' title='bbox 496 690 696 735; x_wconf 82' lang='lat' dir='ltr'>Veneriis</span> <span class='ocrx_word' id='word_1_83' title='bbox 716 695 862 748; x_wconf 45' lang='lat'>4758.</span> <span class='ocrx_word' id='word_1_84' title='bbox 888 696 930 742; x_wconf 80' lang='lat'>8.</span> <span class='ocrx_word' id='word_1_85' title='bbox 979 685 1247 733; x_wconf 68' lang='lat' dir='ltr'>Commium</span> <span class='ocrx_word' id='word_1_86' title='bbox 1281 688 1479 733; x_wconf 82' lang='lat' dir='ltr'>edendae</span> <span class='ocrx_word' id='word_1_87' title='bbox 1509 684 1789 733; x_wconf 67' lang='lat' dir='ltr'>collestionis</span> <span class='ocrx_word' id='word_1_88' title='bbox 1815 686 2029 731; x_wconf 87' lang='lat' dir='ltr'>concilio-</span> 
     </span>
     <span class='ocr_line' id='line_1_11' title="bbox 89 752 2029 818; baseline -0.004 -13"><span class='ocrx_word' id='word_1_89' title='bbox 89 776 190 805; x_wconf 86' lang='lat' dir='ltr'>rum</span> <span class='ocrx_word' id='word_1_90' title='bbox 214 759 480 806; x_wconf 80' lang='lat' dir='ltr'>Germaniae</span> <span class='ocrx_word' id='word_1_91' title='bbox 500 755 708 817; x_wconf 74' lang='lat' dir='ltr'>singulari</span> <span class='ocrx_word' id='word_1_92' title='bbox 730 760 1098 818; x_wconf 69' lang='lat' dir='ltr'>programmate,</span> <span class='ocrx_word' id='word_1_93' title='bbox 1122 755 1246 817; x_wconf 86' lang='lat' dir='ltr'>quod</span> <span class='ocrx_word' id='word_1_94' title='bbox 1266 752 1518 800; x_wconf 87' lang='lat' dir='ltr'>recensetur</span> <span class='ocrx_word' id='word_1_95' title='bbox 1538 757 1584 799; x_wconf 89' lang='lat' dir='ltr'>in</span> <span class='ocrx_word' id='word_1_96' title='bbox 1607 755 1755 798; x_wconf 87' lang='lat' dir='ltr'>Nouis</span> <span class='ocrx_word' id='word_1_97' title='bbox 1778 753 2029 799; x_wconf 82' lang='lat' dir='ltr'>Litterariis</span> 
     </span>
     <span class='ocr_line' id='line_1_12' title="bbox 87 819 2030 891; baseline -0.005 -18"><span class='ocrx_word' id='word_1_98' title='bbox 87 824 383 891; x_wconf 79' lang='lat' dir='ltr'>Lipsiensibus</span> <span class='ocrx_word' id='word_1_99' title='bbox 414 839 549 885; x_wconf 84' lang='lat'>1757.</span> <span class='ocrx_word' id='word_1_100' title='bbox 579 841 621 887; x_wconf 89' lang='lat' dir='ltr'>p.</span> <span class='ocrx_word' id='word_1_101' title='bbox 644 831 754 880; x_wconf 84' lang='lat'>782.</span> <span class='ocrx_word' id='word_1_102' title='bbox 787 825 959 886; x_wconf 83' lang='lat' dir='ltr'>aperuit</span> <span class='ocrx_word' id='word_1_103' title='bbox 981 819 1196 885; x_wconf 83' lang='lat' dir='ltr'>Iosephus</span> <span class='ocrx_word' id='word_1_104' title='bbox 1221 823 1502 868; x_wconf 77' lang='lat' dir='ltr'>Hartzheim.</span> <span class='ocrx_word' id='word_1_105' title='bbox 1579 821 1778 866; x_wconf 83' lang='lat' dir='ltr'>Concilia</span> <span class='ocrx_word' id='word_1_106' title='bbox 1801 820 1855 866; x_wconf 91' lang='lat' dir='ltr'>de</span> <span class='ocrx_word' id='word_1_107' title='bbox 1876 819 2030 865; x_wconf 85' lang='lat' dir='ltr'>Eccle-</span> 
     </span>
     <span class='ocr_line' id='line_1_13' title="bbox 89 885 2031 955; baseline -0.003 -15"><span class='ocrx_word' id='word_1_108' title='bbox 89 893 261 946; x_wconf 73' lang='lat' dir='ltr'>siasticis</span> <span class='ocrx_word' id='word_1_109' title='bbox 279 891 473 955; x_wconf 84' lang='lat' dir='ltr'>Synodis</span> <span class='ocrx_word' id='word_1_110' title='bbox 499 889 619 937; x_wconf 55' lang='lat' dir='ltr'>regie</span> <span class='ocrx_word' id='word_1_111' title='bbox 641 891 754 945; x_wconf 75' lang='lat' dir='ltr'>dici,</span> <span class='ocrx_word' id='word_1_112' title='bbox 791 885 998 935; x_wconf 79' lang='lat' dir='ltr'>aduersus</span> <span class='ocrx_word' id='word_1_113' title='bbox 1019 891 1241 935; x_wconf 87' lang='lat' dir='ltr'>Polletum</span> <span class='ocrx_word' id='word_1_114' title='bbox 1263 889 1425 953; x_wconf 84' lang='lat' dir='ltr'>probat</span> <span class='ocrx_word' id='word_1_115' title='bbox 1449 891 1674 949; x_wconf 84' lang='lat' dir='ltr'>Georgius</span> <span class='ocrx_word' id='word_1_116' title='bbox 1695 889 1923 935; x_wconf 87' lang='lat' dir='ltr'>Henricus</span> <span class='ocrx_word' id='word_1_117' title='bbox 1944 890 2031 952; x_wconf 47' lang='lat' dir='ltr'>Vtffi</span> 
     </span>
     <span class='ocr_line' id='line_1_14' title="bbox 88 957 1351 1023; baseline -0.001 -16"><span class='ocrx_word' id='word_1_118' title='bbox 88 959 204 1009; x_wconf 76' lang='lat' dir='ltr'>sinus</span> <span class='ocrx_word' id='word_1_119' title='bbox 227 957 588 1011; x_wconf 84' lang='lat' dir='ltr'>obseruationum</span> <span class='ocrx_word' id='word_1_120' title='bbox 611 959 994 1023; x_wconf 80' lang='lat' dir='ltr'>pliilologicarum</span> <span class='ocrx_word' id='word_1_121' title='bbox 1015 958 1157 1021; x_wconf 85' lang='lat' dir='ltr'>capite</span> <span class='ocrx_word' id='word_1_122' title='bbox 1179 972 1351 1020; x_wconf 77' lang='lat' dir='ltr'>quarto-</span> 
     </span>
    </p>
   </div>
   <div class='ocr_carea' id='block_1_7' title="bbox 85 1086 2041 2503">
    <p class='ocr_par' dir='ltr' id='par_1_7' title="bbox 85 1086 2041 2503">
     <span class='ocr_line' id='line_1_15' title="bbox 217 1086 2034 1159; baseline -0.003 -19"><span class='ocrx_word' id='word_1_123' title='bbox 217 1097 337 1140; x_wconf 84' lang='lat' dir='ltr'><strong>XIV.</strong></span> <span class='ocrx_word' id='word_1_124' title='bbox 375 1094 512 1159; x_wconf 85' lang='lat' dir='ltr'>Apud</span> <span class='ocrx_word' id='word_1_125' title='bbox 535 1093 769 1140; x_wconf 86' lang='lat' dir='ltr'>Hebraeos</span> <span class='ocrx_word' id='word_1_126' title='bbox 792 1110 982 1158; x_wconf 80' lang='lat' dir='ltr'>quatuor</span> <span class='ocrx_word' id='word_1_127' title='bbox 1012 1095 1059 1140; x_wconf 90' lang='lat' dir='ltr'>in</span> <span class='ocrx_word' id='word_1_128' title='bbox 1087 1090 1167 1140; x_wconf 89' lang='lat' dir='ltr'>vsu</span> <span class='ocrx_word' id='word_1_129' title='bbox 1189 1091 1318 1141; x_wconf 84' lang='lat' dir='ltr'>fuiffe</span> <span class='ocrx_word' id='word_1_130' title='bbox 1348 1089 1675 1158; x_wconf 79' lang='lat' dir='ltr'>suppliciorum</span> <span class='ocrx_word' id='word_1_131' title='bbox 1707 1086 1963 1154; x_wconf 82' lang='lat' dir='ltr'>capitalium</span> <span class='ocrx_word' id='word_1_132' title='bbox 1986 1092 2034 1119; x_wconf 80' lang='lat'>¹2</span> 
     </span>
     <span class='ocr_line' id='line_1_16' title="bbox 86 1158 2035 1226; baseline -0.002 -18"><span class='ocrx_word' id='word_1_133' title='bbox 86 1177 250 1225; x_wconf 84' lang='lat' dir='ltr'>genera</span> <span class='ocrx_word' id='word_1_134' title='bbox 268 1159 500 1218; x_wconf 75' lang='lat' dir='ltr'>feruntur,</span> <span class='ocrx_word' id='word_1_135' title='bbox 537 1165 871 1216; x_wconf 85' lang='lat' dir='ltr'>viuicremati0‚</span> <span class='ocrx_word' id='word_1_136' title='bbox 911 1162 1147 1226; x_wconf 78' lang='lat' dir='ltr'>lapidatio,</span> <span class='ocrx_word' id='word_1_137' title='bbox 1179 1160 1461 1224; x_wconf 83' lang='lat' dir='ltr'>strangulatio</span> <span class='ocrx_word' id='word_1_138' title='bbox 1484 1176 1526 1206; x_wconf 88' lang='lat' dir='ltr'>et</span> <span class='ocrx_word' id='word_1_139' title='bbox 1547 1175 1694 1224; x_wconf 90' lang='lat' dir='ltr'>poena</span> <span class='ocrx_word' id='word_1_140' title='bbox 1716 1158 1867 1219; x_wconf 80' lang='lat' dir='ltr'>gladii,</span> <span class='ocrx_word' id='word_1_141' title='bbox 1899 1173 2035 1220; x_wconf 84' lang='lat' dir='ltr'>quam</span> 
     </span>
     <span class='ocr_line' id='line_1_17' title="bbox 85 1226 2037 1294; baseline -0.003 -18"><span class='ocrx_word' id='word_1_142' title='bbox 85 1229 300 1294; x_wconf 85' lang='lat' dir='ltr'>putabant</span> <span class='ocrx_word' id='word_1_143' title='bbox 320 1228 402 1276; x_wconf 78' lang='lat' dir='ltr'>effe</span> <span class='ocrx_word' id='word_1_144' title='bbox 427 1229 732 1293; x_wconf 70' lang='lat' dir='ltr'>turpissimam.</span> <span class='ocrx_word' id='word_1_145' title='bbox 802 1227 973 1276; x_wconf 78' lang='lat' dir='ltr'>Confer</span> <span class='ocrx_word' id='word_1_146' title='bbox 1007 1230 1207 1276; x_wconf 87' lang='lat' dir='ltr'>codicem</span> <span class='ocrx_word' id='word_1_147' title='bbox 1244 1229 1564 1283; x_wconf 85' lang='lat' dir='ltr'>Talmudicum</span> <span class='ocrx_word' id='word_1_148' title='bbox 1591 1226 1841 1273; x_wconf 86' lang='lat' dir='ltr'>Sanhedrin</span> <span class='ocrx_word' id='word_1_149' title='bbox 1875 1241 1966 1289; x_wconf 86' lang='lat' dir='ltr'>cap.</span> <span class='ocrx_word' id='word_1_150' title='bbox 1988 1237 2037 1284; x_wconf 89' lang='lat'>7.</span> 
     </span>
     <span class='ocr_line' id='line_1_18' title="bbox 86 1294 2038 1360; baseline -0.003 -17"><span class='ocrx_word' id='word_1_151' title='bbox 86 1301 148 1345; x_wconf 91' lang='lat' dir='ltr'>T.</span> <span class='ocrx_word' id='word_1_152' title='bbox 170 1316 213 1358; x_wconf 72' lang='lat'>4.</span> <span class='ocrx_word' id='word_1_153' title='bbox 241 1294 449 1358; x_wconf 80' lang='lat' dir='ltr'>Mishnae</span> <span class='ocrx_word' id='word_1_154' title='bbox 468 1296 722 1342; x_wconf 83' lang='lat' dir='ltr'>Surcnhusii</span> <span class='ocrx_word' id='word_1_155' title='bbox 755 1314 797 1360; x_wconf 86' lang='lat' dir='ltr'>p.</span> <span class='ocrx_word' id='word_1_156' title='bbox 824 1315 918 1356; x_wconf 83' lang='lat'>237</span> <span class='ocrx_word' id='word_1_157' title='bbox 943 1296 1036 1360; x_wconf 90' lang='lat' dir='ltr'>sqq.</span> <span class='ocrx_word' id='word_1_158' title='bbox 1109 1301 1171 1343; x_wconf 89' lang='lat' dir='ltr'>Io.</span> <span class='ocrx_word' id='word_1_159' title='bbox 1194 1297 1433 1343; x_wconf 85' lang='lat' dir='ltr'>Seldenum</span> <span class='ocrx_word' id='word_1_160' title='bbox 1461 1297 1515 1341; x_wconf 90' lang='lat' dir='ltr'>de</span> <span class='ocrx_word' id='word_1_161' title='bbox 1534 1297 1631 1340; x_wconf 90' lang='lat' dir='ltr'>iure</span> <span class='ocrx_word' id='word_1_162' title='bbox 1653 1309 1832 1339; x_wconf 87' lang='lat' dir='ltr'>naturae</span> <span class='ocrx_word' id='word_1_163' title='bbox 1860 1308 1903 1338; x_wconf 88' lang='lat' dir='ltr'>et</span> <span class='ocrx_word' id='word_1_164' title='bbox 1923 1308 2038 1353; x_wconf 88' lang='lat' dir='ltr'>gen-</span> 
     </span>
     <span class='ocr_line' id='line_1_19' title="bbox 88 1358 2036 1427; baseline -0.001 -19"><span class='ocrx_word' id='word_1_165' title='bbox 88 1365 202 1409; x_wconf 86' lang='lat' dir='ltr'>tium</span> <span class='ocrx_word' id='word_1_166' title='bbox 239 1380 284 1426; x_wconf 88' lang='lat' dir='ltr'>p.</span> <span class='ocrx_word' id='word_1_167' title='bbox 309 1371 418 1423; x_wconf 81' lang='lat'><strong>857.</strong></span> <span class='ocrx_word' id='word_1_168' title='bbox 450 1378 492 1408; x_wconf 84' lang='lat' dir='ltr'>et</span> <span class='ocrx_word' id='word_1_169' title='bbox 522 1363 598 1408; x_wconf 85' lang='lat' dir='ltr'>lib.</span> <span class='ocrx_word' id='word_1_170' title='bbox 621 1376 668 1412; x_wconf 91' lang='lat'>2.</span> <span class='ocrx_word' id='word_1_171' title='bbox 702 1364 756 1407; x_wconf 83' lang='lat' dir='ltr'>de</span> <span class='ocrx_word' id='word_1_172' title='bbox 777 1365 966 1424; x_wconf 85' lang='lat' dir='ltr'>Synedr-.</span> <span class='ocrx_word' id='word_1_173' title='bbox 1000 1381 1094 1427; x_wconf 82' lang='lat' dir='ltr'>cap.</span> <span class='ocrx_word' id='word_1_174' title='bbox 1125 1379 1199 1422; x_wconf 85' lang='lat'>13.</span> <span class='ocrx_word' id='word_1_175' title='bbox 1269 1367 1323 1410; x_wconf 90' lang='lat' dir='ltr'>D.</span> <span class='ocrx_word' id='word_1_176' title='bbox 1350 1364 1651 1426; x_wconf 82' lang='lat' dir='ltr'>Carpzouium</span> <span class='ocrx_word' id='word_1_177' title='bbox 1687 1361 1742 1406; x_wconf 86' lang='lat' dir='ltr'>ad</span> <span class='ocrx_word' id='word_1_178' title='bbox 1773 1358 2036 1413; x_wconf 74' lang='lat' dir='ltr'>Schickardi</span> 
     </span>
     <span class='ocr_line' id='line_1_20' title="bbox 90 1425 2036 1492; baseline -0.001 -16"><span class='ocrx_word' id='word_1_179' title='bbox 90 1431 158 1476; x_wconf 87' lang='lat' dir='ltr'>ius</span> <span class='ocrx_word' id='word_1_180' title='bbox 191 1431 380 1490; x_wconf 85' lang='lat' dir='ltr'>Regium</span> <span class='ocrx_word' id='word_1_181' title='bbox 402 1428 546 1476; x_wconf 89' lang='lat' dir='ltr'>Hebr.</span> <span class='ocrx_word' id='word_1_182' title='bbox 577 1446 620 1492; x_wconf 89' lang='lat' dir='ltr'>p.</span> <span class='ocrx_word' id='word_1_183' title='bbox 646 1443 740 1488; x_wconf 83' lang='lat'>259</span> <span class='ocrx_word' id='word_1_184' title='bbox 760 1426 820 1491; x_wconf 85' lang='lat' dir='ltr'>sq.</span> <span class='ocrx_word' id='word_1_185' title='bbox 889 1433 952 1478; x_wconf 89' lang='lat' dir='ltr'>Io.</span> <span class='ocrx_word' id='word_1_186' title='bbox 976 1428 1357 1475; x_wconf 86' lang='lat' dir='ltr'>Hoornbeckium</span> <span class='ocrx_word' id='word_1_187' title='bbox 1387 1432 1434 1474; x_wconf 89' lang='lat' dir='ltr'>in</span> <span class='ocrx_word' id='word_1_188' title='bbox 1457 1425 1643 1475; x_wconf 86' lang='lat' dir='ltr'>Miscell.</span> <span class='ocrx_word' id='word_1_189' title='bbox 1665 1429 1806 1473; x_wconf 85' lang='lat' dir='ltr'>Sacris</span> <span class='ocrx_word' id='word_1_190' title='bbox 1837 1443 1929 1490; x_wconf 84' lang='lat' dir='ltr'>cap.</span> <span class='ocrx_word' id='word_1_191' title='bbox 1958 1438 2036 1486; x_wconf 71' lang='lat'>15.</span> 
     </span>
     <span class='ocr_line' id='line_1_21' title="bbox 89 1492 2035 1561; baseline -0.002 -18"><span class='ocrx_word' id='word_1_192' title='bbox 89 1514 136 1561; x_wconf 84' lang='lat' dir='ltr'>p.</span> <span class='ocrx_word' id='word_1_193' title='bbox 165 1507 255 1556; x_wconf 79' lang='lat'>384</span> <span class='ocrx_word' id='word_1_194' title='bbox 277 1495 338 1559; x_wconf 87' lang='lat' dir='ltr'>sq,</span> <span class='ocrx_word' id='word_1_195' title='bbox 410 1497 570 1542; x_wconf 82' lang='lat' dir='ltr'>Matth.</span> <span class='ocrx_word' id='word_1_196' title='bbox 595 1494 1015 1559; x_wconf 78' lang='lat' dir='ltr'>Zirnmermannum</span> <span class='ocrx_word' id='word_1_197' title='bbox 1039 1499 1084 1542; x_wconf 87' lang='lat' dir='ltr'>in</span> <span class='ocrx_word' id='word_1_198' title='bbox 1107 1495 1332 1543; x_wconf 63' lang='lat' dir='ltr'>Analestis</span> <span class='ocrx_word' id='word_1_199' title='bbox 1360 1513 1403 1560; x_wconf 93' lang='lat' dir='ltr'>p.</span> <span class='ocrx_word' id='word_1_200' title='bbox 1423 1512 1520 1557; x_wconf 72' lang='grc' dir='ltr'>4ο)-</span> <span class='ocrx_word' id='word_1_201' title='bbox 1546 1492 1609 1558; x_wconf 86' lang='lat' dir='ltr'>sq.</span> <span class='ocrx_word' id='word_1_202' title='bbox 1680 1498 1861 1540; x_wconf 87' lang='lat' dir='ltr'>Petrum</span> <span class='ocrx_word' id='word_1_203' title='bbox 1884 1495 2035 1553; x_wconf 83' lang='lat' dir='ltr'>lurieu</span> 
     </span>
     <span class='ocr_line' id='line_1_22' title="bbox 92 1561 2036 1627; baseline -0.003 -17"><span class='ocrx_word' id='word_1_204' title='bbox 92 1566 140 1610; x_wconf 87' lang='lat' dir='ltr'>in</span> <span class='ocrx_word' id='word_1_205' title='bbox 169 1563 349 1610; x_wconf 80' lang='lat' dir='ltr'>historia</span> <span class='ocrx_word' id='word_1_206' title='bbox 375 1565 522 1609; x_wconf 83' lang='lat' dir='ltr'>critica</span> <span class='ocrx_word' id='word_1_207' title='bbox 542 1580 586 1626; x_wconf 91' lang='lat' dir='ltr'>p.</span> <span class='ocrx_word' id='word_1_208' title='bbox 613 1572 720 1622; x_wconf 81' lang='lat'>389.</span> <span class='ocrx_word' id='word_1_209' title='bbox 791 1567 855 1610; x_wconf 87' lang='lat' dir='ltr'>H.</span> <span class='ocrx_word' id='word_1_210' title='bbox 881 1566 1177 1627; x_wconf 83' lang='lat' dir='ltr'>Kippingium</span> <span class='ocrx_word' id='word_1_211' title='bbox 1202 1567 1355 1610; x_wconf 81' lang='lat' dir='ltr'>Exere.</span> <span class='ocrx_word' id='word_1_212' title='bbox 1387 1582 1423 1612; x_wconf 78' lang='grc' dir='ltr'>ι.</span> <span class='ocrx_word' id='word_1_213' title='bbox 1451 1563 1506 1609; x_wconf 89' lang='lat' dir='ltr'>de</span> <span class='ocrx_word' id='word_1_214' title='bbox 1529 1566 1685 1609; x_wconf 90' lang='lat' dir='ltr'>Cruce.</span> <span class='ocrx_word' id='word_1_215' title='bbox 1755 1561 2036 1623; x_wconf 83' lang='lat' dir='ltr'>Christianum</span> 
     </span>
     <span class='ocr_line' id='line_1_23' title="bbox 89 1628 2039 1694; baseline -0.001 -18"><span class='ocrx_word' id='word_1_216' title='bbox 89 1633 300 1677; x_wconf 66' lang='lat' dir='ltr'>Stockmm</span> <span class='ocrx_word' id='word_1_217' title='bbox 333 1634 380 1676; x_wconf 85' lang='lat' dir='ltr'>in</span> <span class='ocrx_word' id='word_1_218' title='bbox 409 1628 783 1676; x_wconf 75' lang='lat' dir='ltr'>dissertationibus</span> <span class='ocrx_word' id='word_1_219' title='bbox 813 1632 1011 1693; x_wconf 86' lang='lat' dir='ltr'>quinque</span> <span class='ocrx_word' id='word_1_220' title='bbox 1034 1632 1094 1676; x_wconf 82' lang='lat' dir='ltr'>&#39;de</span> <span class='ocrx_word' id='word_1_221' title='bbox 1126 1632 1286 1694; x_wconf 89' lang='lat' dir='ltr'>poenis</span> <span class='ocrx_word' id='word_1_222' title='bbox 1318 1628 1942 1694; x_wconf 67' lang='lat' dir='ltr'>capitalibusHebraeorum.</span> <span class='ocrx_word' id='word_1_223' title='bbox 1971 1631 2039 1674; x_wconf 84' lang='lat' dir='ltr'>Ie·</span> 
     </span>
     <span class='ocr_line' id='line_1_24' title="bbox 90 1683 2036 1764; baseline -0.004 -18"><span class='ocrx_word' id='word_1_224' title='bbox 90 1715 173 1746; x_wconf 88' lang='lat' dir='ltr'>nae</span> <span class='ocrx_word' id='word_1_225' title='bbox 201 1710 340 1758; x_wconf 83' lang='lat'>1702.</span> <span class='ocrx_word' id='word_1_226' title='bbox 412 1698 634 1764; x_wconf 65' lang='lat' dir='ltr'>Chr-ssoph.</span> <span class='ocrx_word' id='word_1_227' title='bbox 656 1698 874 1759; x_wconf 65' lang='lat' dir='ltr'>Borstwfii</span> <span class='ocrx_word' id='word_1_228' title='bbox 897 1695 1057 1745; x_wconf 76' lang='lat' dir='ltr'>disse-rt.</span> <span class='ocrx_word' id='word_1_229' title='bbox 1091 1699 1146 1744; x_wconf 87' lang='lat' dir='ltr'>de</span> <span class='ocrx_word' id='word_1_230' title='bbox 1174 1701 1335 1761; x_wconf 85' lang='lat' dir='ltr'>poenis</span> <span class='ocrx_word' id='word_1_231' title='bbox 1368 1699 1494 1762; x_wconf 82' lang='lat' dir='ltr'>capit.</span> <span class='ocrx_word' id='word_1_232' title='bbox 1526 1683 1856 1744; x_wconf 60' lang='lat' dir='ltr'>Hebra‘f&#39;eorum.</span> <span class='ocrx_word' id='word_1_233' title='bbox 1881 1694 2036 1746; x_wconf 82' lang='lat' dir='ltr'>Aboae</span> 
     </span>
     <span class='ocr_line' id='line_1_25' title="bbox 96 1763 2036 1827; baseline -0.004 -13"><span class='ocrx_word' id='word_1_234' title='bbox 96 1769 236 1823; x_wconf 87' lang='lat'>1696.</span> <span class='ocrx_word' id='word_1_235' title='bbox 262 1774 303 1820; x_wconf 84' lang='lat'>8.</span> <span class='ocrx_word' id='word_1_236' title='bbox 375 1763 731 1824; x_wconf 72' lang='lat' dir='ltr'>Ioa7z.-LertJHe7zii</span> <span class='ocrx_word' id='word_1_237' title='bbox 761 1763 922 1811; x_wconf 84' lang='lat' dir='ltr'>differt.</span> <span class='ocrx_word' id='word_1_238' title='bbox 951 1782 1028 1827; x_wconf 84' lang='lat'>47.</span> <span class='ocrx_word' id='word_1_239' title='bbox 1061 1765 1286 1827; x_wconf 84' lang='lat' dir='ltr'>Philologi</span> <span class='ocrx_word' id='word_1_240' title='bbox 1317 1764 1688 1817; x_wconf 85' lang='lat' dir='ltr'>Hebraeomixti‚</span> <span class='ocrx_word' id='word_1_241' title='bbox 1729 1780 1839 1826; x_wconf 85' lang='lat' dir='ltr'>quae</span> <span class='ocrx_word' id='word_1_242' title='bbox 1862 1765 1950 1823; x_wconf 80' lang='lat' dir='ltr'>agit</span> <span class='ocrx_word' id='word_1_243' title='bbox 1980 1763 2036 1808; x_wconf 85' lang='lat' dir='ltr'>de</span> 
     </span>
     <span class='ocr_line' id='line_1_26' title="bbox 91 1827 2038 1897; baseline -0.002 -19"><span class='ocrx_word' id='word_1_244' title='bbox 91 1833 252 1897; x_wconf 85' lang='lat' dir='ltr'>poenis</span> <span class='ocrx_word' id='word_1_245' title='bbox 274 1831 531 1896; x_wconf 85' lang='lat' dir='ltr'>capitalibus</span> <span class='ocrx_word' id='word_1_246' title='bbox 546 1831 877 1880; x_wconf 82' lang='lat' dir='ltr'>Hebraeorum.</span> <span class='ocrx_word' id='word_1_247' title='bbox 955 1833 1171 1897; x_wconf 77' lang='lat' dir='ltr'>Augustini</span> <span class='ocrx_word' id='word_1_248' title='bbox 1191 1833 1344 1879; x_wconf 81' lang='lat' dir='ltr'>Calmet</span> <span class='ocrx_word' id='word_1_249' title='bbox 1368 1831 1528 1878; x_wconf 77' lang='lat' dir='ltr'>differt.</span> <span class='ocrx_word' id='word_1_250' title='bbox 1552 1832 1606 1878; x_wconf 87' lang='lat' dir='ltr'>de</span> <span class='ocrx_word' id='word_1_251' title='bbox 1627 1833 1788 1896; x_wconf 87' lang='lat' dir='ltr'>poenis</span> <span class='ocrx_word' id='word_1_252' title='bbox 1809 1846 1850 1876; x_wconf 88' lang='lat' dir='ltr'>et</span> <span class='ocrx_word' id='word_1_253' title='bbox 1870 1827 2038 1893; x_wconf 84' lang='lat' dir='ltr'>suppli-</span> 
     </span>
     <span class='ocr_line' id='line_1_27' title="bbox 94 1896 2036 1963; baseline -0.002 -16"><span class='ocrx_word' id='word_1_254' title='bbox 94 1901 198 1952; x_wconf 85' lang='lat' dir='ltr'>ciis,</span> <span class='ocrx_word' id='word_1_255' title='bbox 235 1915 428 1962; x_wconf 86' lang='lat' dir='ltr'>quorum</span> <span class='ocrx_word' id='word_1_256' title='bbox 456 1902 502 1945; x_wconf 91' lang='lat' dir='ltr'>in</span> <span class='ocrx_word' id='word_1_257' title='bbox 522 1896 650 1946; x_wconf 83' lang='lat' dir='ltr'>sacris</span> <span class='ocrx_word' id='word_1_258' title='bbox 685 1900 843 1946; x_wconf 86' lang='lat' dir='ltr'>litteris</span> <span class='ocrx_word' id='word_1_259' title='bbox 865 1898 913 1945; x_wconf 84' lang='lat' dir='ltr'>fit</span> <span class='ocrx_word' id='word_1_260' title='bbox 938 1902 1130 1954; x_wconf 77' lang='lat' dir='ltr'>mentio,</span> <span class='ocrx_word' id='word_1_261' title='bbox 1169 1917 1279 1963; x_wconf 78' lang='lat' dir='ltr'>quae</span> <span class='ocrx_word' id='word_1_262' title='bbox 1309 1900 1443 1946; x_wconf 84' lang='lat' dir='ltr'>exstat</span> <span class='ocrx_word' id='word_1_263' title='bbox 1463 1916 1562 1946; x_wconf 89' lang='lat' dir='ltr'>ante</span> <span class='ocrx_word' id='word_1_264' title='bbox 1585 1902 1959 1946; x_wconf 78' lang='lat' dir='ltr'>commentarium</span> <span class='ocrx_word' id='word_1_265' title='bbox 1986 1898 2036 1943; x_wconf 80' lang='lat' dir='ltr'>in</span> 
     </span>
     <span class='ocr_line' id='line_1_28' title="bbox 92 1963 2038 2032; baseline -0.003 -18"><span class='ocrx_word' id='word_1_266' title='bbox 92 1969 526 2020; x_wconf 82' lang='lat' dir='ltr'>Deuteronomium,</span> <span class='ocrx_word' id='word_1_267' title='bbox 562 1971 620 2014; x_wconf 83' lang='lat' dir='ltr'>T.</span> <span class='ocrx_word' id='word_1_268' title='bbox 653 1982 689 2014; x_wconf 85' lang='lat'>1.</span> <span class='ocrx_word' id='word_1_269' title='bbox 723 1985 767 2032; x_wconf 90' lang='lat' dir='ltr'>p.</span> <span class='ocrx_word' id='word_1_270' title='bbox 795 1974 888 2029; x_wconf 80' lang='lat'>387</span> <span class='ocrx_word' id='word_1_271' title='bbox 921 1964 1012 2031; x_wconf 84' lang='lat' dir='ltr'><strong>sqq.</strong></span> <span class='ocrx_word' id='word_1_272' title='bbox 1091 1971 1145 2013; x_wconf 91' lang='lat' dir='ltr'>Io.</span> <span class='ocrx_word' id='word_1_273' title='bbox 1176 1969 1459 2029; x_wconf 58' lang='lat' dir='ltr'>I-“rzsthmuthi</span> <span class='ocrx_word' id='word_1_274' title='bbox 1498 1964 1660 2014; x_wconf 83' lang='lat' dir='ltr'>differt.</span> <span class='ocrx_word' id='word_1_275' title='bbox 1695 1966 1749 2012; x_wconf 87' lang='lat' dir='ltr'>de</span> <span class='ocrx_word' id='word_1_276' title='bbox 1782 1963 2038 2028; x_wconf 83' lang='lat' dir='ltr'>sepimento</span> 
     </span>
     <span class='ocr_line' id='line_1_29' title="bbox 92 2033 2041 2099; baseline -0.002 -19"><span class='ocrx_word' id='word_1_277' title='bbox 92 2035 227 2095; x_wconf 79' lang='lat' dir='ltr'>legis,</span> <span class='ocrx_word' id='word_1_278' title='bbox 262 2037 393 2080; x_wconf 86' lang='lat' dir='ltr'>Ienae</span> <span class='ocrx_word' id='word_1_279' title='bbox 429 2042 566 2095; x_wconf 84' lang='lat'>1674.</span> <span class='ocrx_word' id='word_1_280' title='bbox 596 2052 686 2098; x_wconf 89' lang='lat' dir='ltr'>cap.</span> <span class='ocrx_word' id='word_1_281' title='bbox 712 2050 751 2095; x_wconf 82' lang='lat'>3.</span> <span class='ocrx_word' id='word_1_282' title='bbox 822 2037 878 2082; x_wconf 83' lang='lat' dir='ltr'>Io,</span> <span class='ocrx_word' id='word_1_283' title='bbox 910 2038 1011 2082; x_wconf 70' lang='lat' dir='ltr'>Ern.</span> <span class='ocrx_word' id='word_1_284' title='bbox 1036 2039 1227 2082; x_wconf 72' lang='lat' dir='ltr'>Borm‘tii</span> <span class='ocrx_word' id='word_1_285' title='bbox 1259 2036 1312 2082; x_wconf 89' lang='lat' dir='ltr'>de</span> <span class='ocrx_word' id='word_1_286' title='bbox 1334 2038 1496 2099; x_wconf 89' lang='lat' dir='ltr'>poenis</span> <span class='ocrx_word' id='word_1_287' title='bbox 1525 2035 1783 2099; x_wconf 86' lang='lat' dir='ltr'>capitalibus</span> <span class='ocrx_word' id='word_1_288' title='bbox 1805 2033 2041 2078; x_wconf 82' lang='lat' dir='ltr'>Hebraeo-</span> 
     </span>
     <span class='ocr_line' id='line_1_30' title="bbox 96 2097 2039 2168; baseline -0.002 -19"><span class='ocrx_word' id='word_1_289' title='bbox 96 2116 200 2149; x_wconf 77' lang='lat' dir='ltr'>rum</span> <span class='ocrx_word' id='word_1_290' title='bbox 227 2100 463 2146; x_wconf 87' lang='lat' dir='ltr'>ordinariis</span> <span class='ocrx_word' id='word_1_291' title='bbox 485 2101 665 2149; x_wconf 88' lang='lat' dir='ltr'>Witteb.</span> <span class='ocrx_word' id='word_1_292' title='bbox 693 2109 832 2160; x_wconf 77' lang='lat'>1643.</span> <span class='ocrx_word' id='word_1_293' title='bbox 852 2119 897 2163; x_wconf 82' lang='lat'>4.</span> <span class='ocrx_word' id='word_1_294' title='bbox 968 2107 1134 2149; x_wconf 70' lang='lat' dir='ltr'>ottonis</span> <span class='ocrx_word' id='word_1_295' title='bbox 1167 2103 1388 2168; x_wconf 67' lang='lat' dir='ltr'>Chrzstoph.</span> <span class='ocrx_word' id='word_1_296' title='bbox 1418 2107 1629 2150; x_wconf 81' lang='lat' dir='ltr'>Dieterici</span> <span class='ocrx_word' id='word_1_297' title='bbox 1656 2099 1837 2163; x_wconf 60' lang='lat' dir='ltr'>Flsbheri</span> <span class='ocrx_word' id='word_1_298' title='bbox 1858 2100 1913 2146; x_wconf 89' lang='lat' dir='ltr'>de</span> <span class='ocrx_word' id='word_1_299' title='bbox 1933 2097 2039 2162; x_wconf 72' lang='lat' dir='ltr'>sup-</span> 
     </span>
     <span class='ocr_line' id='line_1_31' title="bbox 96 2166 2038 2236; baseline -0.002 -21"><span class='ocrx_word' id='word_1_300' title='bbox 96 2170 243 2235; x_wconf 82' lang='lat' dir='ltr'>pliciis</span> <span class='ocrx_word' id='word_1_301' title='bbox 267 2166 583 2214; x_wconf 87' lang='lat' dir='ltr'>Hebraeorum</span> <span class='ocrx_word' id='word_1_302' title='bbox 616 2171 663 2214; x_wconf 86' lang='lat' dir='ltr'>in</span> <span class='ocrx_word' id='word_1_303' title='bbox 694 2171 885 2216; x_wconf 84' lang='lat' dir='ltr'>Pentade</span> <span class='ocrx_word' id='word_1_304' title='bbox 919 2169 1273 2217; x_wconf 73' lang='lat' dir='ltr'>dissertationum</span> <span class='ocrx_word' id='word_1_305' title='bbox 1309 2170 1518 2236; x_wconf 81' lang='lat' dir='ltr'>stipendii</span> <span class='ocrx_word' id='word_1_306' title='bbox 1551 2170 1877 2219; x_wconf 85' lang='lat' dir='ltr'>Velthemiani,</span> <span class='ocrx_word' id='word_1_307' title='bbox 1924 2180 2038 2229; x_wconf 82' lang='lat' dir='ltr'>quae</span> 
     </span>
     <span class='ocr_line' id='line_1_32' title="bbox 95 2232 2038 2301; baseline -0.004 -17"><span class='ocrx_word' id='word_1_308' title='bbox 95 2251 279 2284; x_wconf 82' lang='lat' dir='ltr'>curante</span> <span class='ocrx_word' id='word_1_309' title='bbox 300 2239 419 2281; x_wconf 88' lang='lat' dir='ltr'>Ioan.</span> <span class='ocrx_word' id='word_1_310' title='bbox 440 2235 581 2286; x_wconf 84' lang='lat' dir='ltr'>Andr.</span> <span class='ocrx_word' id='word_1_311' title='bbox 607 2236 837 2282; x_wconf 88' lang='lat' dir='ltr'>Schmidio</span> <span class='ocrx_word' id='word_1_312' title='bbox 862 2240 1035 2301; x_wconf 81' lang='lat' dir='ltr'>prodiit</span> <span class='ocrx_word' id='word_1_313' title='bbox 1055 2237 1245 2284; x_wconf 85' lang='lat' dir='ltr'>Helmst.</span> <span class='ocrx_word' id='word_1_314' title='bbox 1279 2254 1398 2298; x_wconf 82' lang='lat'><strong>¹7¹7</strong></span> <span class='ocrx_word' id='word_1_315' title='bbox 1433 2255 1478 2299; x_wconf 82' lang='lat'>4.</span> <span class='ocrx_word' id='word_1_316' title='bbox 1554 2238 1667 2284; x_wconf 81' lang='lat' dir='ltr'>loan.</span> <span class='ocrx_word' id='word_1_317' title='bbox 1688 2232 2038 2299; x_wconf 57' lang='lat' dir='ltr'>Geor2g.Abz&#39;c‘hrii</span> 
     </span>
     <span class='ocr_line' id='line_1_33' title="bbox 98 2299 2038 2368; baseline -0.004 -17"><span class='ocrx_word' id='word_1_318' title='bbox 98 2305 155 2352; x_wconf 86' lang='lat' dir='ltr'>de</span> <span class='ocrx_word' id='word_1_319' title='bbox 184 2302 412 2368; x_wconf 88' lang='lat' dir='ltr'>suppliciis</span> <span class='ocrx_word' id='word_1_320' title='bbox 442 2301 715 2366; x_wconf 81' lang='lat' dir='ltr'>reipublicae</span> <span class='ocrx_word' id='word_1_321' title='bbox 745 2305 954 2352; x_wconf 84' lang='lat' dir='ltr'>Iudaicae.</span> <span class='ocrx_word' id='word_1_322' title='bbox 985 2302 1104 2368; x_wconf 86' lang='lat' dir='ltr'>Lips.</span> <span class='ocrx_word' id='word_1_323' title='bbox 1143 2313 1279 2362; x_wconf 83' lang='lat'><em>1708.</em></span> <span class='ocrx_word' id='word_1_324' title='bbox 1354 2305 1515 2365; x_wconf 73' lang='lat' dir='ltr'>Christi.</span> <span class='ocrx_word' id='word_1_325' title='bbox 1546 2305 1694 2349; x_wconf 74' lang='lat' dir='ltr'>Bened.</span> <span class='ocrx_word' id='word_1_326' title='bbox 1731 2301 1948 2348; x_wconf 84' lang='lat' dir='ltr'>Michaelis</span> <span class='ocrx_word' id='word_1_327' title='bbox 1980 2299 2038 2345; x_wconf 81' lang='lat' dir='ltr'>de</span> 
     </span>
     <span class='ocr_line' id='line_1_34' title="bbox 97 2367 2037 2438; baseline -0.004 -20"><span class='ocrx_word' id='word_1_328' title='bbox 97 2375 260 2438; x_wconf 82' lang='lat' dir='ltr'>poenis</span> <span class='ocrx_word' id='word_1_329' title='bbox 283 2369 540 2436; x_wconf 83' lang='lat' dir='ltr'>capitalibus</span> <span class='ocrx_word' id='word_1_330' title='bbox 572 2372 618 2415; x_wconf 88' lang='lat' dir='ltr'>in</span> <span class='ocrx_word' id='word_1_331' title='bbox 647 2368 761 2417; x_wconf 84' lang='lat' dir='ltr'>sacra</span> <span class='ocrx_word' id='word_1_332' title='bbox 790 2369 1001 2437; x_wconf 82' lang='lat' dir='ltr'>scriptura</span> <span class='ocrx_word' id='word_1_333' title='bbox 1025 2373 1411 2423; x_wconf 83' lang='lat' dir='ltr'>commemoratis,</span> <span class='ocrx_word' id='word_1_334' title='bbox 1450 2372 1682 2433; x_wconf 81' lang='lat' dir='ltr'>inprimis</span> <span class='ocrx_word' id='word_1_335' title='bbox 1703 2367 2037 2413; x_wconf 79' lang='lat' dir='ltr'>Hebraeorum.</span> 
     </span>
     <span class='ocr_line' id='line_1_35' title="bbox 97 2432 2035 2503; baseline -0.004 -16"><span class='ocrx_word' id='word_1_336' title='bbox 97 2441 241 2487; x_wconf 83' lang='lat' dir='ltr'>Halae</span> <span class='ocrx_word' id='word_1_337' title='bbox 270 2439 474 2498; x_wconf 44' lang='lat' dir='ltr'>1730Jet</span> <span class='ocrx_word' id='word_1_338' title='bbox 496 2435 680 2483; x_wconf 65' lang='lat' dir='ltr'>auffior.</span> <span class='ocrx_word' id='word_1_339' title='bbox 706 2438 811 2485; x_wconf 87' lang='lat' dir='ltr'>ibid.</span> <span class='ocrx_word' id='word_1_340' title='bbox 848 2449 970 2503; x_wconf 71' lang='lat'><strong>¹743</strong></span> <span class='ocrx_word' id='word_1_341' title='bbox 1007 2457 1047 2485; x_wconf 88' lang='lat' dir='ltr'>et</span> <span class='ocrx_word' id='word_1_342' title='bbox 1078 2444 1119 2485; x_wconf 81' lang='grc' dir='ltr'>Β.</span> <span class='ocrx_word' id='word_1_343' title='bbox 1145 2441 1199 2486; x_wconf 80' lang='lat' dir='ltr'>D.</span> <span class='ocrx_word' id='word_1_344' title='bbox 1222 2439 1400 2499; x_wconf 79' lang='lat' dir='ltr'>Mayeri</span> <span class='ocrx_word' id='word_1_345' title='bbox 1424 2435 1584 2484; x_wconf 86' lang='lat' dir='ltr'>dissert.</span> <span class='ocrx_word' id='word_1_346' title='bbox 1606 2432 1784 2481; x_wconf 66' lang='lat' dir='ltr'>seleE&#39;tas</span> <span class='ocrx_word' id='word_1_347' title='bbox 1804 2435 2035 2480; x_wconf 83' lang='lat' dir='ltr'>Kilonien-</span> 
     </span>
    </p>
   </div>
   <div class='ocr_carea' id='block_1_8' title="bbox 1925 2570 2035 2634">
    <p class='ocr_par' dir='ltr' id='par_1_8' title="bbox 1925 2570 2035 2634">
     <span class='ocr_line' id='line_1_36' title="bbox 1925 2570 2035 2634; baseline 0 -19"><span class='ocrx_word' id='word_1_348' title='bbox 1925 2570 2035 2634; x_wconf 76' lang='lat' dir='ltr'>lapi-</span> 
     </span>
    </p>
   </div>
   <div class='ocr_carea' id='block_1_9' title="bbox 103 2687 2040 2864">
    <p class='ocr_par' dir='ltr' id='par_1_9' title="bbox 103 2687 2040 2864">
     <span class='ocr_line' id='line_1_37' title="bbox 159 2687 2040 2750; baseline -0.004 -12"><span class='ocrx_word' id='word_1_349' title='bbox 159 2697 196 2721; x_wconf 84' lang='lat'>¹²</span> <span class='ocrx_word' id='word_1_350' title='bbox 210 2687 221 2720; x_wconf 49' lang='lat'><em>7</em></span> <span class='ocrx_word' id='word_1_351' title='bbox 231 2699 330 2738; x_wconf 84' lang='lat' dir='ltr'>Non</span> <span class='ocrx_word' id='word_1_352' title='bbox 352 2695 548 2738; x_wconf 75' lang='lat' dir='ltr'>ademtam</span> <span class='ocrx_word' id='word_1_353' title='bbox 574 2695 681 2737; x_wconf 75' lang='lat' dir='ltr'>fuisse</span> <span class='ocrx_word' id='word_1_354' title='bbox 703 2692 851 2736; x_wconf 82' lang='lat' dir='ltr'>Iudaeis</span> <span class='ocrx_word' id='word_1_355' title='bbox 870 2705 1044 2750; x_wconf 75' lang='lat' dir='ltr'>tempore</span> <span class='ocrx_word' id='word_1_356' title='bbox 1067 2696 1202 2737; x_wconf 76' lang='lat' dir='ltr'>Christi</span> <span class='ocrx_word' id='word_1_357' title='bbox 1220 2696 1277 2734; x_wconf 88' lang='lat' dir='ltr'>ius</span> <span class='ocrx_word' id='word_1_358' title='bbox 1297 2702 1411 2734; x_wconf 85' lang='lat' dir='ltr'>omne</span> <span class='ocrx_word' id='word_1_359' title='bbox 1432 2692 1697 2747; x_wconf 80' lang='lat' dir='ltr'>suppliciorum</span> <span class='ocrx_word' id='word_1_360' title='bbox 1716 2691 1940 2745; x_wconf 81' lang='lat' dir='ltr'>capitalium,</span> <span class='ocrx_word' id='word_1_361' title='bbox 1962 2691 2040 2730; x_wconf 78' lang='lat' dir='ltr'>.do=</span> 
     </span>
     <span class='ocr_line' id='line_1_38' title="bbox 104 2749 2039 2806; baseline -0.003 -14"><span class='ocrx_word' id='word_1_362' title='bbox 104 2758 192 2792; x_wconf 78' lang='lat' dir='ltr'>cent</span> <span class='ocrx_word' id='word_1_363' title='bbox 212 2753 303 2792; x_wconf 84' lang='lat' dir='ltr'>Otto</span> <span class='ocrx_word' id='word_1_364' title='bbox 325 2754 363 2791; x_wconf 85' lang='lat' dir='ltr'>in</span> <span class='ocrx_word' id='word_1_365' title='bbox 388 2755 527 2794; x_wconf 84' lang='lat' dir='ltr'>Lexico</span> <span class='ocrx_word' id='word_1_366' title='bbox 546 2753 668 2794; x_wconf 83' lang='lat' dir='ltr'>Rabb.</span> <span class='ocrx_word' id='word_1_367' title='bbox 689 2767 723 2803; x_wconf 75' lang='lat' dir='ltr'>p.</span> <span class='ocrx_word' id='word_1_368' title='bbox 740 2758 831 2805; x_wconf 68' lang='lat'>634.</span> <span class='ocrx_word' id='word_1_369' title='bbox 889 2755 1040 2792; x_wconf 75' lang='lat' dir='ltr'>Salomo</span> <span class='ocrx_word' id='word_1_370' title='bbox 1063 2753 1290 2806; x_wconf 76' lang='lat' dir='ltr'>Deylingius</span> <span class='ocrx_word' id='word_1_371' title='bbox 1311 2751 1356 2789; x_wconf 82' lang='grc' dir='ltr'>ΙΙ.</span> <span class='ocrx_word' id='word_1_372' title='bbox 1380 2764 1442 2804; x_wconf 89' lang='lat'>33.</span> <span class='ocrx_word' id='word_1_373' title='bbox 1467 2749 1545 2790; x_wconf 91' lang='lat' dir='ltr'>obs.</span> <span class='ocrx_word' id='word_1_374' title='bbox 1567 2749 1750 2801; x_wconf 66' lang='lat' dir='ltr'>sacrarum</span> <span class='ocrx_word' id='word_1_375' title='bbox 1767 2778 1776 2795; x_wconf 87' lang='lat'>‚</span> <span class='ocrx_word' id='word_1_376' title='bbox 1808 2760 1844 2786; x_wconf 87' lang='lat' dir='ltr'>et</span> <span class='ocrx_word' id='word_1_377' title='bbox 1864 2750 1921 2786; x_wconf 80' lang='lat' dir='ltr'>alii</span> <span class='ocrx_word' id='word_1_378' title='bbox 1943 2758 2039 2799; x_wconf 81' lang='lat' dir='ltr'>quos</span> 
     </span>
     <span class='ocr_line' id='line_1_39' title="bbox 103 2804 2038 2864; baseline -0.002 -17"><span class='ocrx_word' id='word_1_379' title='bbox 103 2805 255 2847; x_wconf 74' lang='lat' dir='ltr'>laudaui</span> <span class='ocrx_word' id='word_1_380' title='bbox 285 2809 332 2846; x_wconf 83' lang='lat' dir='ltr'>ad</span> <span class='ocrx_word' id='word_1_381' title='bbox 362 2809 534 2849; x_wconf 76' lang='lat' dir='ltr'>codicem</span> <span class='ocrx_word' id='word_1_382' title='bbox 573 2809 848 2862; x_wconf 63' lang='lat' dir='ltr'>Apocryphum</span> <span class='ocrx_word' id='word_1_383' title='bbox 875 2809 984 2848; x_wconf 83' lang='lat' dir='ltr'>Noui</span> <span class='ocrx_word' id='word_1_384' title='bbox 1005 2808 1242 2851; x_wconf 76' lang='lat' dir='ltr'>Testamenti</span> <span class='ocrx_word' id='word_1_385' title='bbox 1274 2820 1363 2864; x_wconf 73' lang='lat' dir='ltr'>pag.</span> <span class='ocrx_word' id='word_1_386' title='bbox 1381 2818 1474 2863; x_wconf 79' lang='lat'><strong>245.</strong></span> <span class='ocrx_word' id='word_1_387' title='bbox 1531 2806 1770 2850; x_wconf 76' lang='lat' dir='ltr'>contrariam</span> <span class='ocrx_word' id='word_1_388' title='bbox 1790 2804 1858 2858; x_wconf 86' lang='lat' dir='ltr'>qui</span> <span class='ocrx_word' id='word_1_389' title='bbox 1881 2813 2038 2857; x_wconf 62' lang='lat' dir='ltr'>tuentux</span> 
     </span>
    </p>
   </div>
   <div class='ocr_carea' id='block_1_10' title="bbox 0 2861 1001 2920">
    <p class='ocr_par' dir='ltr' id='par_1_10' title="bbox 0 2861 1001 2920">
     <span class='ocr_line' id='line_1_40' title="bbox 0 2861 1001 2920; baseline 0.005 -19"><span class='ocrx_word' id='word_1_390' title='bbox 0 2873 19 2912; x_wconf 69' lang='lat'>:3</span> <span class='ocrx_word' id='word_1_391' title='bbox 103 2861 337 2912; x_wconf 72' lang='lat' dir='ltr'>fententiam,</span> <span class='ocrx_word' id='word_1_392' title='bbox 363 2877 426 2907; x_wconf 79' lang='lat' dir='ltr'>eos</span> <span class='ocrx_word' id='word_1_393' title='bbox 451 2866 687 2908; x_wconf 74' lang='lat' dir='ltr'>laudauimus</span> <span class='ocrx_word' id='word_1_394' title='bbox 710 2863 820 2918; x_wconf 83' lang='lat' dir='ltr'>supra</span> <span class='ocrx_word' id='word_1_395' title='bbox 851 2878 888 2918; x_wconf 82' lang='lat' dir='ltr'>p.</span> <span class='ocrx_word' id='word_1_396' title='bbox 907 2866 1001 2920; x_wconf 66' lang='lat'>692,</span> 
     </span>
    </p>
   </div>
  </div>
 </body>
</html>
