2263 3027
199 102 300 154 550
737 86 885 140 CAP.
923 85 1008 138 xi.
1078 83 1174 137 DE
1240 84 1613 138 narrisMo.
1688 88 1691 89 ⁷

197 220 343 273 1738,
365 228 411 276 4.
447 211 691 273 Franctscus
708 212 925 260 Ridderus
945 212 998 258 in·
1013 207 1132 256 libro
1153 207 1327 273 belgice
1351 210 1501 257 editoi
1533 207 1784 274 Hssorzfihe
1805 211 1946 276 Doop‚
1973 212 2131 259 Avend—

191 282 300 328 mael
316 299 366 326 en
388 280 620 345 Discipline,
641 279 887 331 Amstelod,
916 284 1052 341 1672,
1081 286 1126 334 8.
1148 293 1191 325 et
1214 280 1261 326 in
1283 279 1492 344 apologia
1513 293 1668 325 contra
1695 277 1915 325 Hadriani
1935 276 1990 325 de
2013 281 2130 325 Her·

194 349 272 395 der
291 347 520 395 historiam
544 348 886 412 apologeticam.
906 346 1119 394 Roterod.
1144 353 1236 408 167
1244 361 1287 406 3.
1310 347 1468 393 itidem
1492 347 1679 408 Belgice.
1714 346 1899 412 Iofi’phus
1919 346 1969 391 de
1979 345 2134 392 Sanbla

192 415 346 463 Maria
369 417 415 463 in
436 415 553 463 libro
578 413 805 481 hispanice
826 416 1013 463 Seuiliae
1041 421 1181 478 1673,
1201 431 1246 472 4.
1268 414 1499 477 euulgato:
1534 417 1685 461 Sacros
1711 420 1865 477 ritosy
1884 417 2133 459 cerimonias

191 483 461 550 bapttstaales.
529 484 703 531 Iodocus
723 487 866 531 Cocius
886 487 945 533 T.
964 499 1003 535 2.
1026 481 1104 533 lib.
1129 500 1166 540 5.
1192 480 1385 529 thesauri
1409 483 1633 532 catholici.
1702 483 1819 530 Ioan.
1831 484 2062 528 Montanus
2085 481 2134 527 in

191 548 379 598 historia
399 548 622 616 baptismi.
649 553 928 599 Tremoniae
954 554 1104 612 1646.
1127 566 1172 606 4.
1204 551 1473 612 germanice.
1511 551 1642 599 Ioach.
1667 548 1948 597 Hildebrandi
1977 548 2135 596 rituale

191 616 415 683 baptismi,
436 616 641 666 recusum
665 618 853 667 Helmst.
885 624 1027 681 1736>
1048 633 1095 681 4.
1130 620 1243 664 Ioan.
1273 620 1406 669 Andr.
1433 619 1700 681 Qenstedius
1720 619 1775 665 de
1797 615 2134 683 baptismalibus

193 686 352 734 ritibus
375 689 582 750 antiquis,
604 690 649 734 in
670 688 870 735 eiusdem
894 684 1206 750 Antiquitatib.
1227 684 1691 733 biblicoecciefiasticis
1712 690 1758 735 P.
1786 702 1824 734 1.
1848 703 1894 750 p.
1922 701 2018 745 313.
2049 688 2131 730 Gu-

182 756 298 817 flaui
319 755 488 819 Christo.
513 756 766 816 Hostmamzi
788 752 1028 803 dissertatio
1054 755 1108 800 de
1132 750 1371 818 baptismo,
1392 753 1716 818 Apostolorum
1740 756 1827 801 hoc
1851 755 1905 800 de
1917 751 2130 817 mysterio

191 819 457 870 sententiam
478 824 706 881 euoluens,
731 824 1020 886 eiusdemque
1040 822 1095 869 ad
1119 819 1321 886 ipsorum
1346 840 1487 886 vsque
1518 821 1738 870 excessum
1771 821 2004 870 historiam
2033 836 2131 885 per-

192 889 427 952 stringens.
451 891 590 938 Kiliae
618 906 757 950 1732.
803 890 996 956 Casparis
1015 906 1198 953 quoque
1218 890 1393 936 Barthii
1414 889 1530 936 liber
1547 905 1565 938 1
1580 909 1652 948 50.
1677 887 2048 941 aduersariorum,
2068 903 2132 934 to-

193 973 264 1005 tus
283 956 344 1005 est
367 959 422 1004 de
445 958 674 1005 veteribus
694 957 853 1005 ritibus
874 973 916 1004 et
941 957 1157 1019 dignitate
1181 955 1402 1022 baptismi,
1424 955 1497 1003 sed
1516 956 1730 1004 hasienus
1751 959 1958 1004 ineditus,
2021 960 2134 1002 Tra·

195 1023 362 1082 statum
383 1025 438 1073 de
466 1023 688 1090 baptismo
711 1024 918 1091 promisit
948 1029 1154 1071 Antonius
1183 1041 1267 1071 van
1304 1026 1408 1071 Dale
1453 1023 1530 1070 lib.
1561 1025 1616 1071 de
1645 1026 1823 1086 origine
1852 1016 2135 1070 idololatriae

193 1111 291 1159 pag.
322 1108 430 1152 554.
463 1094 589 1157 isque
622 1091 714 1158 ipse
748 1092 808 1140 est
837 1094 916 1156 qui
951 1091 1069 1138 libro
1101 1089 1311 1138 aduersus
1331 1091 1547 1139 Aristeam
1569 1093 1623 1138 de
1648 1090 2134 1156 LXX.1nterpretibus

195 1160 443 1210 Amstelod.
471 1177 612 1220 1705,
637 1178 681 1224 4.
711 1161 832 1208 edito
854 1158 1110 1216 subiicitur,
1146 1161 1196 1206 de
1215 1159 1406 1223 Historia
1425 1158 1724 1226 baptzfinorum
1759 1158 2071 1206 Hebraicormn
2091 1171 2135 1205 et

195 1229 544 1292 Chrtstianorum.
1260 1279 1262 1281 ‚

336 1299 406 1343 De
430 1296 699 1343 Iudaeorum
724 1293 954 1361 baptismis
979 1311 1022 1342 et
1039 1294 1289 1355 lotionibus
1308 1296 1447 1343 variis
1466 1294 1774 1343 immunditiei
1796 1293 1985 1357 illegalis
1997 1289 2138 1340 caussa

191 1358 487 1428 frequentatis
508 1363 622 1411 adiri
641 1380 871 1428 praeterea
889 1360 1070 1429 possunt
1090 1364 1359 1429 interpretes
1381 1365 1574 1411 Leuitici
1597 1379 1642 1411 et
1663 1365 1948 1426 Leydeckerus
1969 1364 2067 1414 XII,
2090 1375 2143 1421 9.ι

196 1432 253 1480 de
272 1436 391 1498 Rep.
414 1431 560 1479 Hebr.
594 1434 665 1478 De
685 1432 859 1480 lotione
881 1449 1098 1479 manuum
1121 1435 1343 1481 Pococlzius
1363 1449 1401 1481 c,
1424 1450 1471 1492 9.
1495 1428 1684 1478 Miscell.
1700 1430 1951 1492 Buxtorfius
1973 1427 2068 1481 diff.
2091 1443 2137 1491 7.

193 1499 686 1563 Philologico-Theol,
738 1503 795 1549 D.
822 1500 973 1553 Theod,
1002 1497 1192 1563 Dafflmii
1220 1497 1382 1547 differt.
1415 1500 1470 1547 de
1502 1498 1834 1548 lustrationibus
1865 1498 2139 1545 Iudaeorum
2160 1508 2198 1541 'ss

194 1568 381 1617 Witteb.
395 1586 407 1618 ι
421 1579 531 1630 692.
565 1569 648 1614 Iac.
659 1570 869 1615 Ounamus
890 1569 945 1616 de
969 1568 1142 1625 lotione
1161 1586 1378 1616 manuum
1404 1568 1577 1627 Iudaeis
1595 1566 2137 1626 vfitata,Hamb.t706‚8,·

195 1639 309 1685 Ioan.
331 1636 496 1684 Behmii
514 1632 754 1701 dissertatio
779 1637 832 1683 de
860 1636 1034 1682 lotione
1053 1637 1102 1682 in
1123 1635 1344 1683 obeundis
1365 1635 1506 1683 sacriS.
1529 1637 1736 1699 Regiom.
1761 1650 1848 1698 171
1863 1650 1906 1694 5.
1929 1693 1932 1696 ,
1951 1632 2134 1682 Conrad.

194 1704 333 1753 Ikenii
352 1701 593 1751 dissertatio
614 1703 668 1750 de
691 1700 1016 1768 aspersionibus
1039 1702 1374 1752 Hebraeorum.
1401 1709 1584 1760 Bremae
1615 1718 1755 1762 ¹725·
1801 1703 1994 1746 Andreae
2013 1701 2136 1744 Froe-

194 1771 331 1819 Iundii
349 1771 702 1818 Exercitationes
717 1772 774 1820 V.
801 1772 856 1819 de
883 1766 1335 1839 χειροκᾳιποδονιψιόρ
1363 1766 1642 1814 sacerdotum
1664 1766 1994 1814 Hebraeorum.
2020 1761 2135 1813 Has·

197 1841 297 1886 niae
326 1843 466 1901 1695.
505 1841 644 1888 Henr.
679 1842 759 1885 Iac.
790 1856 876 1887 van
902 1839 1143 1899 Bashtgysen
1169 1838 1225 1884 de
1254 1835 1466 1882 omnibus
1488 1836 1670 1882 lauacris
1694 1850 1738 1881 et
1766 1834 2015 1880 lotionibus
2040 1836 2136 1879 He-

198 1907 441 1957 braeorum
460 1922 709 1969 eorumque
729 1906 958 1970 mysterio.
1034 1909 1106 1952 De
1125 1903 1457 1951 lustrationibus
1476 1918 1519 1949 et
1539 1899 1929 1967 purificationibus
1949 1902 2135 1948 Iudaeo-

199 1993 303 2024 rum
326 1977 442 2023 Ioan.
466 1975 605 2022 Henr.
627 1974 779 2020 Maius
799 1978 856 2021 T.
885 1990 925 2024 ι.
949 1971 1142 2021 ΓεΙεᾶετ.
1162 1973 1399 2018 Exercitat.
1423 1987 1523 2035 pag.
1542 1986 1641 2033 479
1666 1968 1757 2033 sqq.
1789 1985 1831 2016 et
1851 1970 1907 2016 de
1926 1967 2134 2034 purifica·

199 2046 324 2092 tione
344 2061 367 2090 a
385 2041 579 2108 peccatis
598 2040 651 2086 ad
676 2038 755 2089 les.
768 2043 802 2094 I,
822 2052 877 2091 16
890 2039 984 2105 sqq.
1007 2056 1050 2096 et
1067 2036 1132 2088 Ps.
1154 2042 1228 2092 LI,
1240 2054 1289 2097 9.
1309 2037 1415 2085 ibid.
1437 2056 1483 2102 p.
1501 2054 1522 2097 5
1543 2054 1597 2087 ιο
1616 2035 1710 2101 sqq.
1749 2040 1817 2084 De
1836 2044 1946 2103 aqua
1969 2035 2134 2084 lustrali

198 2109 411 2165 Mosaica,
433 2124 547 2174 typo
569 2106 747 2162 Christi,
767 2107 872 2155 vide
895 2112 1170 2172 Interpretes
1191 2107 1245 2154 ad
1265 2110 1411 2156 Num.
1430 2109 1548 2153 ΧΙΧ.
1582 2121 1624 2153 et
1646 2106 1762 2154 Ioan.
1785 2107 1975 2152 Marckii
1995 2106 2131 2153 Exer-

203 2183 274 2229 cit.
299 2197 339 2242 3.
361 2176 522 2226 differt.
545 2175 1047 2241 philologicoexegetic,
1067 2177 1121 2223 ad
1140 2176 1239 2223 loca
1260 2178 1314 2222 V.
1335 2178 1393 2222 T.
1440 2177 1510 2221 De
1534 2173 1703 2220 balneis
1719 2172 1972 2220 domesticis
1991 2173 2045 2218 ad
2067 2172 2133 2218 lo-

204 2252 377 2297 tionem
398 2246 604 2294 ritualem
625 2241 746 2291 reae
765 2243 1089 2291 instituendam
1108 2240 1315 2308 responsa
1343 2241 1654 2289 Rabbinorum
1685 2238 1868 2288 collesta
1897 2236 1998 2286 sunt
2025 2258 2048 2286 a
2074 2242 2131 2289 R.

204 2317 318 2380 Mose}
338 2316 470 2364 Cohen
488 2317 637 2362 Porto.
657 2313 858 2359 Veneriis
887 2319 1081 2370 1608,4.
1119 2315 1188 2359 De
1209 2307 1428 2376 baptismo
1451 2311 1715 2358 initiationis
1743 2307 1774 2362 s.
1793 2305 2130 2370 Proselytorum

204 2404 341 2454 quem
363 2383 488 2432 nullo
510 2382 677 2429 idoneo
699 2378 956 2428 testimonio
975 2378 1161 2446 probari
1181 2377 1302 2446 posse
1322 2378 1529 2426 vfitatum
1549 2375 1677 2426 fuisse
1707 2393 1809 2425 ante
1836 2391 2044 2440 tempora
2062 2379 2132 2423 Io-

205 2459 332 2503 annis
354 2449 579 2518 Baptistae,
600 2446 853 2516 persuasum
865 2451 919 2494 D.
943 2450 1150 2495 Salomoni
1159 2450 1374 2514 Deylingio
1395 2464 1519 2513 parte
1542 2463 1584 2510 3.
1608 2444 1984 2494 Obseruationum
1996 2440 2134 2491 sacra-

207 2541 309 2571 rum
331 2540 373 2588 p.
403 2536 490 2581 ¹97
512 2517 574 2583 sq.-
609 2520 722 2566 Ioan.
743 2519 954 2581 Cypriane
976 2519 1022 2563 in
1043 2513 1342 2564 differt-atione
1366 2515 1422 2563 de
1444 2512 1672 2582 ‚baptismo
1700 2511 2042 2579 proselytorum·
2063 2516 2131 2558 Iu-

210 2591 336 2638 daico
360 2592 642 2634 Sacramento
668 2589 724 2640 V.
742 2590 800 2633 T.
826 2582 998 2650 Lipfiae
1028 2598 1172 2649 1703.
1211 2584 1348 2635 Gottl.
1366 2581 1640 2644 Wernsdorfio
1662 2584 1711 2628 in
1732 2576 1822 2627 diff.
1844 2579 1899 2626 de
1921 2574 2131 2643 baptismi

210 2653 563 2705 Christianorum
584 2656 759 2717 origine
782 2669 905 2702 mere
918 2653 1082 2701 diuina.
1097 2652 1278 2702 Witteb.
1300 2671 1314 2699 1
1328 2665 1445 2712 710.
1480 2652 1850 2715 GistauorGeorgio
1869 2647 2064 2693 chtnero
2083 2648 2131 2693 in

211 2721 421 2803 differtat.
433 2720 489 2774 de
499 2722 637 2771 initiis
646 2720 857 2789 baptismi
875 2723 1140 2774 initiationis
1162 2716 1640 2778 Iudaeorum,‘Altorfii
1657 2731 1712 2782 17
1725 2730 1744 2764 1
1757 2730 1794 2764 ιη.
1809 2731 1850 2776 ει
1863 2715 2006 2835 ίίπέγὲ.
2018 2715 2135 2773 Ρνιὶζ,

1965 2798 2140 2835 vernem
