2263 3027
223 95 287 144 26
425 89 646 142 CAPMI
709 88 1374 181 ·.aNT1Q⁷1TATVM
1445 88 2033 144 HEBRAIC-1xRVM

296 215 373 263 de
388 231 502 262 vera
520 232 568 261 ac
599 211 705 261 falsa
735 215 975 279 Prophetia
1003 224 1046 261 et
1083 214 1134 261 de
1167 213 1520 261 diuinationibus
1551 215 1849 263 Idololatricis
1878 217 2164 269 Iudaeorum.

231 298 280 345 9,
318 285 435 329 Petri
460 284 609 329 Iurieu
636 281 834 329 Historia
859 284 1020 328 (Σιίῑιει
1042 283 1305 345 dogmatum
1330 286 1609 347 rituumque,
1642 301 1694 329 ex
1721 284 1895 331 Gallico
1920 285 2066 334 latine.

237 366 307 400 10.
348 354 411 397 Io.
434 350 646 396 Seldenus
669 350 724 396 de
743 351 841 400 Diis
863 353 923 413 S)
928 351 1001 403 ris,
1035 368 1139 397 cum
1164 348 1553 398 observationibus
1579 352 1784 398 Andreae
1807 355 1962 401 Biieii.

232 431 307 466 11.
344 416 602 464 Athanafius
617 419 857 464 Kircherus
880 417 934 463 de
946 422 1304 483 Aegyptiorum
1339 422 1574 484 Syrorum,
1616 419 2023 484 Hebraeorumque
2052 422 2163 478 Diis,

296 503 348 532 ex
371 489 525 531 Tomo
554 489 583 531 Ι.
630 485 744 532 Oedi
740 488 797 549 pi
824 488 1105 564 Aegyptiaci.

232 565 307 600 12.
342 551 580 599 Christiani
603 555 801 600 Wormii
824 553 879 601 de
900 556 1125 619 corruptis
1150 556 1476 620 Antiquitatum
1488 554 1798 615 Hebraearum
1820 555 1938 620 apud
1952 556 2163 603 Tacitum

298 635 342 667 et
361 621 611 667 Martialem
641 619 849 682 vestigiis.
1577 636 1587 644 ⁴

232 700 304 746 13.
344 692 412 734 De
431 707 473 733 v
467 704 520 734 τι
543 705 584 735 et
606 706 752 735 morte
773 688 910 736 Molis
932 690 1035 737 libri
1054 706 1167 745 tres,
1205 708 1307 737 cum
1339 692 1457 737 notis
1489 690 1685 738 Gilberti
1709 690 1966 744 Gaulmini²
1999 690 2162 754 quibus

291 759 440 803 variae
465 758 745 821 antiquitates
766 757 1050 805 illustrantur
2202 750 2212 760 ·

1010 839 1070 894 Γ
1075 856 1236 893 omus
1281 836 1358 892 ΙΙ.

217 933 300 982 14.
335 919 551 965 Bernardi
576 923 722 984 Lamy
743 908 977 984 apparatus
996 923 1203 976 Biblicus,
1230 922 1536 969 methodicam
1563 923 1895 986 Antiquitatum
1918 919 2162 968 I-Iebraica-

287 1003 401 1032 rum
415 984 763 1064 dispositionem
783 988 1013 1035 exhibens

226 1068 298 1112 1.5
333 1055 544 1101 Thomae
569 1055 791 1102 Godwini
814 1054 962 1103 Moses
982 1058 1024 1103 ἃ
1047 1063 1198 1105 Aaron
1233 1074 1335 1104 cum
1364 1058 1483 1104 notis
1514 1061 1579 1103 Io.
1618 1058 1812 1104 Henrici
1843 1058 1989 1104 Reizii
2021 1072 2064 1103 et
2095 1060 2161 1102 Io.

283 1124 430 1167 Henr.
450 1126 731 1184 Hottingeri,
757 1127 966 1188 Nepotis.
1572 1120 1574 1123 V

229 1195 300 1236 156
340 1189 517 1236 Claudii
536 1191 704 1254 Fleury
723 1191 837 1237 liber
858 1193 912 1238 de
933 1190 1135 1238 moribus
1157 1191 1449 1244 Iudaeorum,
1486 1208 1539 1238 ex
1564 1192 1738 1238 Gallico
1761 1193 1910 1241 latine.

221 1268 297 1317 17.
339 1257 558 1304 Hadriani
581 1259 768 1305 Relandi
794 1260 1132 1324 Compendium
1155 1262 1485 1323 Antiquitatum
1514 1258 1851 1306 Hebraicarum

227 1337 244 1371 1
259 1332 299 1381 8.
335 1324 523 1387 Augusti
542 1322 728 1373 Pfeiferi
757 1327 995 1374 delineatio
1016 1329 1347 1392 Antiquitatum
1360 1326 1686 1374 Hebraicarum
1709 1345 1813 1373 cum
1834 1323 2159 1374 observationi-

286 1390 370 1437 bus
397 1395 574 1440 Ioannis
595 1394 742 1440 Iacobi
766 1395 949 1441 Schudt.

221 1471 298 1516 19.
334 1459 397 1520 Ej.
419 1460 474 1506 de
498 1460 656 1506 ritibus
677 1461 942 1523 quibusdam
969 1460 1219 1510 Hebraicis.

218 1537 295 1575 20.
334 1526 393 1572 Tl.
383 1527 520 1588 cfizm
523 1545 544 1572 o
568 1529 640 1573 dos
664 1532 810 1574 Di'mm
833 1547 883 1574 ex
912 1528 1160 1575 Lui'itanico
1185 1524 1404 1574 Menaffae
1428 1525 1514 1573 ben
1538 1523 1599 1572 Isi·
1603 1526 1693 1580 ael,
1733 1527 1904 1572 Latine.

218 1609 295 1642 21
331 1597 498 1640 Leonis
523 1595 788 1640 Mutinenlis
812 1595 1008 1641 Histona
1031 1600 1201 1641 rituum
1236 1595 1554 1641 Hebraeorum
1574 1591 1814 1665 praeientis
1843 1593 2062 1658 temporis
2099 1611 2154 1641 ex

281 1659 486 1707 versione
518 1664 580 1706 10.
619 1662 845 1707 Valentini
883 1663 1247 1724 Grosgcbaueri‚
1293 1680 1394 1709 cum
1429 1661 1584 1707 Iacobi
1611 1658 1846 1709 Gaistarelli
1874 1657 2161 1724 praefatione

282 1745 392 1792 quae
418 1729 589 1775 Italicae
613 1729 801 1775 editioni
823 1728 949 1775 ΡιιιιΓ.
972 1742 1106 1791 1637.
1143 1725 1460 1795 praemittitur,
1486 1746 1527 1776 et
1543 1729 1669 1776 Rich
1691 1727 1888 1776 Simonis
1914 1729 2154 1776 collatione

277 1798 448 1842 rituum
470 1796 753 1842 Iudaicorum
789 1815 889 1843 cum
915 1797 1188 1844 Christianis.

214 1878 293 1911 22.
327 1867 390 1911 Io.
412 1862 630 1911 Buxtorfii
649 1863 886 1927 Synagoga
915 1867 1102 1914 Iudaica.

214 1943 292 1992 23.
327 1933 575 1978 Lancelloti
596 1930 848 1979 Addilsonii
870 1933 924 1981 de
947 1931 1169 1998 praesenti
1188 1929 1297 1979 statu
1308 1931 1576 1978 Iudaeorum
1589 1932 1636 1977 in
1649 1929 1865 1984 Barbaria,
1888 1947 1943 1977 ex
1955 1930 2150 1992 Anglico

275 1999 421 2050 latine.

215 2079 290 2129 24.
332 2069 587 2114 Herm-anni
611 2085 697 2114 van
723 2068 802 2115 der
825 2068 972 2114 Hardt
994 2068 1314 2132 Antiquarium
1339 2065 1582 2113 Iudaicum.

213 2146 290 2193 25.
326 2137 388 2180 Io.
414 2133 607 2182 Wul-feri
629 2137 821 2183 theriaca
846 2137 1028 2184 Iudaica.

212 2206 288 2249 26.
326 2205 519 2249 Henrici
543 2205 717 2250 Halmii
737 2204 1075 2267 Ἆζᾳτρὶγματα
1098 2202 1154 2249 de
1173 2200 1306 2276 rebus
1328 2200 1531 2252 Iudaicis,
1553 2216 1607 2246 ex
1629 2201 1726 2247 iure
1747 2193 1957 2245 Caesareo
1972 2212 2015 2244 et
2026 2200 2146 2244 Pon-

271 2269 412 2317 tificio
436 2273 709 2319 concinnata.

208 2349 282 2396 27
321 2343 434 2385 Sam.
451 2340 656 2386 Bocharti
674 2355 804 2386 notae
828 2342 874 2385 in
893 2337 1108 2386 Ecclesiae
1145 2337 1397 2385 Gallicanae
1425 2333 1600 2382 decreta
1633 2293 1889 2398 quaedam
1877 2350 1925 2379 m
1957 2330 2145 2379 Iudaeos

268 2403 442 2456 sancita.
480 2409 547 2452 Ex
566 2410 624 2455 T.
639 2410 670 2452 Ι
709 2410 828 2471 ΟΡΡ.
858 2425 900 2471 Ρ
925 2422 1037 2466 499.
1067 2403 1153 2467 seq

205 2481 264 2527 28
315 2473 530 2521 Formula
552 2477 720 2521 Graeca
739 2475 1033 2521 renunciandi
1054 2468 1291 2524 IudaismO,
1329 2469 1353 2516 ὲ
1375 2435 1585 2517 Coteleri'
1574 2487 1590 2515 ι
1621 2469 1740 2516 notis
1767 2468 1821 2515 ad
1831 2470 1989 2514 ·Patres
2013 2472 2143 2531 Apo·

262 2538 454 2595 stolicos,
489 2545 548 2588 T.
568 2554 609 2588 ·.1
643 2559 688 2607 p.
705 2558 820 2604 499.
843 2539 929 2606 leq.

980 2626 1207 2682 Tomus
1256 2624 1277 2679 I
1296 2624 1314 2678 I
1330 2623 1367 2679 Ι.

207 2715 283 2757 29.
341 2698 600 2750 Baithasaris
635 2701 831 2749 Scheidii
867 2700 1028 2768 scripta
1058 2703 1112 2755 ad
1136 2702 1435 2766 Antiquitates
1457 2696 1703 2748 Hebraicas
1734 2693 1941 2744 facientia

1946 2790 2127 2835 Tomus
