2263 3027
207 76 305 166 71'8
759 99 908 156 CAP.
945 99 1085 163 xiv.
1152 100 1245 158 DE
1281 84 1607 157 CORONts.
1634 103 1661 150 ·>
1692 102 1712 112 ·’

204 217 540 291 superstitiones
565 222 787 290 ireieGae‚
825 221 977 296 postea
1008 245 1158 280 tamen
1188 232 1346 280 itidem
1377 229 1585 281 admissae
1609 244 1662 279 vt
1690 230 1864 280 notauit
1886 232 2150 287 sirmondus

203 294 259 341 ad
283 296 458 341 Sidonii
486 295 563 342 lib.
594 313 628 347 t.
646 297 782 363 Epist.
807 314 846 358 ς.
868 313 996 361 tomo
1028 317 1062 350 1.
1087 318 1185 367 pag.
1213 309 1323 362 852,
1354 303 1478 367 quod
1509 316 1827 364 argumentum
1851 304 1984 350 etiam
2011 305 2154 369 perse-

205 377 368 426 quutus
393 360 453 410 est
483 363 747 430 Christoph.
770 369 1038 430 Ziegenhals
1058 370 1105 416 in
1127 363 1290 417 dissert.
1314 371 1369 418 de
1402 372 1583 417 coronis
1612 368 1909 436 nuptialibus,
1949 373 2152 420 Annaeb.

210 444 333 492 1713
359 431 487 480 edita.
557 436 627 480 De
663 451 830 482 corona
862 442 1022 496 ciuica,
1069 437 1333 486 Lambecius
1371 443 1426 486 II.
1457 439 1514 486 de
1542 438 1653 487 Bibl.
1675 437 1878 486 Vindob.
1916 455 2014 504 pag.
2039 456 2151 501 729.

201 501 272 546 De
296 501 477 546 coronis
512 501 795 550 conuiualibus
825 501 1079 553 consulatur
1098 503 1279 572 Iosephi
1300 510 1502 554 Lanzoni
1534 508 1797 570 exercitatio
1815 507 1871 554 de
1899 509 2079 555 coronis
2108 523 2153 564 et

200 572 447 628 vnguentis
472 571 520 616 in
539 572 830 634 antiquorum
854 573 1099 630 conuiuiis,
1137 578 1195 621 T.
1219 577 1295 623 111.
1321 571 1820 637 thesauriSallengriani
1839 591 1883 639 p.
1907 584 2016 631 669.
2086 579 2154 622 Io.

200 632 347 682 Grefii
377 634 618 685 dissertatio
641 640 695 686 de
717 642 899 688 coronis
935 642 1205 707 epularibus.
1241 640 1360 708 Lips.
1391 644 1535 701 ἰᾶτο.
1567 658 1608 689 et
1639 642 1761 690 Frid.
1783 641 1996 691 Gotthilf
2015 647 2155 708 Frey·

198 703 307 765 tagii
341 701 507 753 differt.
529 706 586 754 de
619 711 804 756 coronis
827 709 1138 757 conuiualibus
1170 708 1510 759 Veterumibid.
1533 724 1672 773 1712.
1745 714 1815 758 De
1835 728 1991 758 corona
2008 714 2157 758 Poeta·

198 786 299 817 rum
326 776 369 810 ¹⁷
391 775 546 838 primo
569 775 736 823 tributa
759 776 996 824 Albertino
1030 776 1225 826 Mussato
1241 814 1251 834 ‚
1299 781 1524 844 Mapheus
1547 781 1714 841 Vegius
1736 783 1815 826 IV.
1843 795 1880 828 1.
1904 779 1959 826 de
1983 779 2154 831 educat.
2231 822 2234 825 .

196 837 450 888 liberorum
470 856 598 906 tomo
621 851 698 893 26.
719 843 831 892 Bibl.
864 849 942 894 PP.
971 861 1014 910 p.
1036 850 1132 906 658
1157 843 1216 912 sq.
1255 848 1374 895 Frid.
1396 847 1646 912 Rappoltus
1671 847 1712 880 ¹⁸
1739 846 1947 909 singulari
1969 845 2059 893 diss.
2083 851 2155 894 Pa-

194 903 385 954 schalius
407 908 527 956 libro
553 910 608 958 de
630 915 812 959 coronis
831 930 874 978 p.
898 920 961 962 60
981 929 1025 972 et
1049 932 1094 979 p.
1123 932 1146 978 3
1161 931 1245 977 17-
1263 931 1369 978 329.
1436 919 1490 962 D.
1517 915 1739 962 Henelius
1759 918 1805 962 in
1827 917 1922 962 otio
1945 916 2156 962 Vratisla-
2228 923 2231 925 ’

195 973 337 1020 uiensi
365 993 458 1040 cap.
488 993 562 1038 13.
629 981 826 1042 Scaliger
855 980 931 1030 lib.
969 1000 1006 1029 1.
1032 981 1282 1031 lefflonum
1319 979 1562 1030 Ausonian.
1593 1001 1628 1029 c.
1669 998 1740 1032 10.
1809 983 2024 1046 Aegidius
2055 987 2153 1030 Me-

197 1043 355 1104 nagius
377 1045 425 1090 in
451 1043 746 1094 miscellaneis
768 1048 915 1095 italice
946 1049 1075 1095 editis
1106 1067 1151 1114 p.
1177 1063 1275 1113 294
1295 1048 1387 1116 sqq.
1458 1054 1539 1098 Iac.
1567 1049 1837 1098 Thomasius
1869 1053 1915 1097 in
1945 1048 2155 1101 obserua-

195 1109 397 1158 tionibus
420 1111 687 1160 Halensibus
708 1130 818 1163 tom.
842 1122 883 1161 6.
908 1113 997 1168 obs.
1017 1129 1063 1175 7.
1094 1133 1138 1163 et
1162 1119 1362 1164 Michael
1390 1120 1611 1166 Piccartus
1636 1121 1839 1166 oratione
1862 1122 1936 1165 XI.
1960 1136 2072 1183 quae
2094 1117 2154 1165 est

195 1177 252 1225 de
275 1177 662 1228 commissionibus
685 1197 728 1228 et
756 1185 1052 1231 coronatione
1075 1200 1282 1232 veterum
1305 1190 1557 1234 Poetarum.
1624 1190 1696 1233 De
1727 1192 1891 1235 coronis
1914 1190 2152 1234 Oratorum

193 1248 317 1295 Ioan.
349 1251 522 1310 Georg.
555 1249 784 1296 Walchius
811 1251 858 1305 ,οἶ
890 1264 963 1314 14.
990 1258 1073 1315 ις(
1094 1250 1256 1301 dissert.
1290 1254 1346 1301 de
1376 1267 1584 1302 veterum
1615 1253 1949 1319 Sophistarum,
1984 1255 2152 1303 Rheto-

195 1330 298 1361 rum
322 1330 455 1378 atque
474 1319 724 1364 Oratorum
751 1320 978 1382 praemiis.

333 1383 597 1432 Diademate
620 1386 687 1432 vti
707 1386 854 1433 voluit
875 1386 1076 1448 Caligula
1097 1386 1203 1438 teste
1225 1390 1342 1437 Suet.
1365 1406 1457 1455 cap.
1473 1403 1549 1440 22.
1570 1402 1612 1437 at
1635 1377 1935 1455 primus'vsus
1955 1386 2017 1437 est
2034 1388 2154 1436 inter
2242 1417 2252 1424 ν

193 1449 346 1516 Impp.
367 1451 496 1499 domi
515 1452 802 1514 Elagabalus,
841 1453 1025 1519 publice
1047 1458 1327 1504 Aurelianus·
1397 1458 1516 1506 Vide
1534 1458 1801 1505 Tillemont.
1822 1456 2154 1522 Hist.1mpera-

191 1531 348 1566 torum
369 1533 499 1567 tomo
528 1535 567 1581 3.
599 1537 643 1586 p.
668 1536 756 1583 531
785 1519 845 1586 sq.
919 1523 1184 1573 Diademate
1218 1522 1318 1573 vsae
1339 1528 1472 1574 etiam
1493 1524 1594 1573 sunt
1617 1528 1837 1589 Reginae,
1876 1541 1927 1572 vt
1948 1543 2001 1573 ex
2021 1525 2151 1572 Cleo·
2204 1565 2207 1568 .

191 1601 343 1650 patrae
367 1596 511 1635 numo
536 1588 700 1654 probat
733 1593 782 1636 C.
808 1597 860 1637 A.
883 1593 1110 1656 Rupertus
1134 1595 1179 1640 in
1203 1597 1397 1642 Oratore
1430 1594 1645 1642 historico
1675 1613 1773 1660 pag.
1794 1609 1906 1656 793.
1974 1592 2151 1641 Eodem

194 1655 328 1702 etiam
361 1653 479 1718 vsos
494 1653 737 1722 *supremos
759 1659 952 1706 militiae
977 1659 1112 1707 duces
1134 1661 1307 1709 dubitat-
1326 1665 1521 1724 Begerus
1543 1667 1577 1710 Ι.
1610 1661 1803 1710 thesauri
1833 1660 2159 1726 Brand‘enburf

193 1722 336 1784 gensis
359 1721 403 1788 p}
427 1731 537 1781 288.
559 1726 671 1773 adde
707 1743 751 1791 p.
781 1742 889 1791 293.
914 1753 916 1755 >
960 1730 1031 1776 De
1059 1730 1231 1795 triplici
1257 1733 1437 1777 Corona
1460 1728 1756 1794 Imperatoris
1779 1729 1996 1785 Romani,
2035 1730 2150 1773 Ger·

193 1790 382 1843 manica,
403 1792 705 1854 Lombardica
732 1809 864 1859 atque
885 1797 1101 1853 Romana,
1125 1799 1281 1862 prima,
1296 1798 1568 1860 Aquisgrani
1592 1811 1799 1856 argentea
1830 1793 1884 1840 ab
1905 1795 2149 1857 Archiepi-

192 1854 331 1922 scopo
354 1858 634 1917 Coloniensi,
675 1859 864 1910 secunda
885 1866 1150 1912 Modoetiae
1167 1861 1336 1916 ferrea,
1370 1865 1498 1909 tertia
1519 1880 1648 1910 aurea
1669 1880 1692 1910 a
1713 1859 1891 1909 summo
1911 1858 2144 1915 Pontifice‚

191 1927 402 1972 Martene
421 1928 501 1975 111.
524 1941 566 1982 9.
599 1928 651 1973 de
681 1932 876 1992 antiquis
899 1930 1114 1978 Ecclesiae
1145 1931 1337 1990 ritibus.
1375 1946 1419 1976 et
1436 1933 1494 1978 T.
1516 1943 1559 1978 2.
1592 1927 1785 1977 thesauri
1817 1930 2145 1977 anecdotorum

192 2009 235 2058 p.
259 2000 355 2053 488
383 2008 426 2040 et
447 2008 560 2055 497.
593 1994 728 2041 exstat
759 1998 978 2045 Ioachimi
1006 1998 1192 2051 Felleri,
1242 2001 1326 2048 τοῦ
1354 2000 1609 2064 μακαρίτου
1637 1998 1879 2044 disier-tatio
1912 2003 1964 2046 A.
2002 2001 2145 2052 1662.

192 2059 367 2125 Lipsiae
400 2062 529 2109 edita.
553 2065 736 2109 Horatii
771 2065 921 2110 Blanci
951 2063 1193 2112 dissertatio
1227 2066 1281 2112 de
1310 2065 1453 2112 tribus
1485 2068 1666 2113 coronis
1699 2063 2057 2127 Longobardicis
2086 2066 2142 2114 ad

190 2128 395 2176 Paullum
416 2131 670 2176 Diaconum
698 2131 819 2194 apud
847 2135 1152 2179 Muratorium
1175 2136 1229 2179 T.
1258 2149 1296 2181 1.
1326 2129 1530 2197 scriptor.
1557 2150 1645 2181 vet.
1669 2134 1818 2180 Italiae
1840 2150 1937 2199 pag.
1959 2144 2060 2198 460
2078 2132 2139 2198 sq.

190 2198 315 2244 Joan.
343 2200 425 2246 Iac.
449 2194 669 2245 MascOuii
693 2196 935 2246 dissertatio
958 2201 1014 2248 de
1025 2201 1181 2262 Regali
1201 2202 1521 2267 Imperialique
1548 2200 1855 2265 Augustorum
1868 2203 2140 2251 Germaniae

189 2262 583 2330 Augustarumque
620 2269 914 2313 coronatione
959 2267 1133 2333 Lipsiae
1177 2284 1300 2334 1723
1346 2271 1567 2332 euulgata.
1660 2267 1837 2316 Christi.
1873 2271 2140 2332 Weidlingii

188 2335 344 2396 Progr.
374 2335 430 2382 de
463 2334 634 2399 triplici
666 2336 958 2400 Imperatoris
995 2339 1310 2394 coronatione,
1354 2338 1697 2405 longobardica,
1745 2353 1929 2384 romana
1963 2354 2006 2408 et
2040 2357 2139 2402 ger·
2213 2344 2221 2351 ⁴

2046 2425 2138 2454 ma·

237 2517 283 2545 *¹⁷
319 2517 424 2557 Bene
453 2514 655 2558 Conradus
689 2517 815 2560 Celtes
846 2518 887 2559 in
915 2519 1085 2561 lauream
1115 2517 1245 2569 suam,
1290 2534 1406 2576 quam
1436 2520 1484 2564 ab
1516 2520 1596 2577 ipsa
1622 2518 1860 2577 Imperatoris
1885 2532 2001 2562 mauu
2031 2535 2134 2565 acce·
2201 2546 2208 2547 ἡ

219 2579 314 2611 erata

189 2579 213 2622 p
495 2627 536 2669 Si
569 2643 623 2669 me
654 2640 725 2670 non
748 2632 897 2682 pietas,
925 2630 1049 2671 virtus
1062 2659 1072 2677 ,
1102 2621 1270 2672 domina
1290 2644 1479 2683 coronant,

495 2685 642 2738 Ecquid
660 2687 832 2738 proderit
858 2685 944 2726 haec
976 2700 1073 2737 nexa
1100 2700 1232 2727 corona
1259 2690 1363 2731 mihi.

247 2764 283 2794 ¹⁸
303 2764 363 2806 Ex
381 2763 448 2807 hac
471 2764 538 2806 sub
560 2770 734 2822 Rappolti
766 2771 948 2825 praesidio
968 2775 1092 2816 habita
1126 2775 1300 2816 dissertat.
1324 2776 1548 2823 Heckelius,
1582 2771 1848 2831 Respondens‚
1872 2775 2003 2833 postea
2027 2771 2145 2822 libel-¹

190 2820 272 2860 lum
297 2820 463 2865 confecit
483 2822 530 2865 de
551 2825 752 2867 Poetarum
771 2831 943 2879 coronis,
972 2834 1156 2888 Cygneae
1179 2835 1301 2886 1672.
1322 2844 1384 2877 12-
1405 2832 1568 2874 editum·
