2263 3027
172 123 276 173 942.
376 106 674 161 canxxt.
743 103 1158 159 ACADEM1AE
1192 105 1289 159 ET
1325 105 1558 158 MVSEA
1593 90 1918 162 νημαι.

173 233 234 283 est
257 220 408 294 locus,
427 233 509 282 vbi
529 235 705 282 Sirenes
726 250 829 282 cum
842 231 981 280 Musis
1002 247 1242 287 certarunt,
1265 229 1371 281 teste
1391 233 1524 281 Suida
1546 249 1589 281 et
1602 231 1828 299 Stephano
1852 234 1902 283 in
1924 229 2128 303 ἄπυρα.

172 303 286 351 Inde
307 319 430 351 ortus
457 319 555 349 mos
579 302 699 359 loca,
744 306 789 349 in
811 301 972 367 quibus
993 303 1202 349 homines
1227 299 1405 349 studiosi
1436 301 1568 349 mulis
1598 301 1687 349 fiue
1715 303 1874 350 litteris
1908 301 2130 359 vacarent,

172 378 308 434 musea
331 371 616 436 appellandi,
652 371 795 435 qualia
813 369 993 435 publica
1014 367 1142 417 fuere
1162 370 1353 418 Athenis
1373 372 1731 435 quamplurima,
1767 372 1814 417 in
1835 370 1998 435 quibus
2031 383 2131 418 mos

172 437 331 485 sortito
356 437 632 503 quaestiones
653 440 855 504 proponi
884 453 934 485 vt
959 436 1138 485 testatur
1157 438 1418 486 Plutarchus
1445 442 1475 488 I.
1498 455 1541 500 9.
1569 435 1774 503 Sympos.
1790 436 1957 504 quaest.
1979 454 2071 502 cap.
2087 447 2130 486 ι’.
2207 476 2221 483 χ

171 503 346 554 Confer
367 505 616 554 Meurfium
639 510 693 554 II.
708 523 756 566 9.
782 507 946 554 Athen.
962 507 1092 553 Attic.
1106 510 1308 572 Pergami
1330 523 1511 570 quoque
1531 507 1754 554 eiusmodi
1770 504 1978 554 Museum
2004 501 2132 552 fuisse
2187 530 2192 534 -

173 575 299 638 quod
318 593 341 622 a
360 574 492 622 Suida
519 577 821 640 περγωμηνῶν
849 571 1021 626 κύκλων
1053 576 1242 620 nomine
1271 574 1541 628 celebretur,
1584 572 1774 640 disputat
1794 571 1961 622 Clariis.
1983 570 2134 620 Kuste·

173 659 251 689 rus
285 643 339 689 ad
359 642 539 696 Suidam
569 645 615 689 in
643 645 855 706 Μεσοᾷος
881 642 1107 706 Ἐφέσιος,
1143 657 1186 689 et
1216 645 1370 688 Petrus
1399 644 1596 689 Zornius
1625 644 1672 690 in
1700 640 1861 690 dissert.
1885 641 1941 688 ‘de
1960 641 2133 688 throno

173 706 342 757 satanae
366 711 420 757 ad
444 704 628 776 Apocal.
643 713 699 757 ΙΙ.
723 729 738 757 1
755 728 792 769 3.
814 710 1004 758 Ploenae
1035 718 1175 769 1716.
1247 711 1740 775 SmyrnaeTheodorus
1756 707 1952 758 Hasaeus
1971 709 2019 755 in
2040 703 2133 754 diff.

172 777 228 825 ad
248 778 443 826 cundem
465 778 618 826 locum
642 775 979 843 Apocalypseos
1001 775 1162 824 inserta
1183 780 1300 842 parti
1323 780 1478 829 tertiae
1502 777 1802 827 bibliothecae
1820 776 2135 838 Theologico-

171 847 479 911 philologicae
503 843 728 895 Bremens.
765 863 811 911 p.
845 853 953 901 128.
1021 848 1091 892 De
1120 844 1376 910 Gymnasiis
1406 849 1695 894 Romanorum
1724 840 1978 910 eorumque
2005 852 2135 890 orna-

172 917 338 962 mentis
363 931 406 962 et
429 913 826 963 exercitationibus
845 929 983 975 agunt
1004 912 1162 960 Christ.
1176 911 1392 960 Falsterus
1412 913 1490 963 lib.
1508 932 1549 963 2.
1568 913 1813 978 quaestion.
1835 917 2073 960 Romame.
2091 916 2134 961 6.

177 996 221 1029 et
242 983 309 1031 lo.
327 985 496 1043 Georg.
515 982 744 1030 Walchius
767 982 813 1027 in
835 982 1156 1028 exercitatione
1177 981 1231 1027 de
1242 980 1499 1044 Gymnasiis
1521 982 1747 1030 litterariis
1759 997 1897 1029 veter.
1912 983 2139 1027 Romano·

174 1066 302 1104 rum,
340 1053 469 1096 lenae
499 1064 638 1113 1721.
669 1053 739 1096 De
759 1045 920 1094 museis
943 1049 1091 1094 Italiae
1115 1047 1249 1094 exstat
1273 1048 1449 1110 elegans
1472 1046 1713 1095 dissertatio
1742 1053 1862 1111 ioan.
1883 1048 2009 1096 Guil.
2036 1050 2139 1094 Bet·-

175 1119 295 1180 geri,
333 1115 497 1164 Witeb.
530 1131 668 1179 1734.
706 1120 776 1162 De
800 1116 993 1179 antiquis
1014 1112 1351 1170 scholisfftaliae
1370 1117 1461 1177 agit
1485 1116 1773 1179 Hyacinthus
1797 1118 1983 1164 Gimma
2000 1117 2048 1161 in
2070 1114 2139 1162 hi·

174 1184 307 1232 storia
333 1185 545 1232 litteraria
572 1183 742 1237 ltaliae,
783 1199 918 1247 quam
945 1183 1098 1229 Italico
1124 1184 1337 1230 idiomate
1355 1184 1556 1248 Neapoli
1585 1199 1725 1245 1723.
1749 1197 1793 1244 4.
1819 1182 2037 1246 vulg-anit,
2072 1198 2139 1229 ca·

173 1254 270 1318 pite
301 1251 528 1299 vicesimo.
599 1254 669 1297 De
702 1251 908 1299 Athenaeo
930 1253 1142 1306 Romano,
1182 1253 1228 1297 in
1263 1268 1354 1315 quo
1386 1251 1593 1316 publicae
1623 1253 1907 1298 recitationes
1938 1248 2139 1297 solebant

173 1319 295 1375 fieri,
336 1322 426 1383 agit
449 1318 718 1368 Sir-mondus
742 1319 797 1366 ad
819 1319 996 1366 Sidonii
1019 1318 1151 1368 lib.2.
1178 1319 1312 1384 Epist.
1328 1334 1376 1377 9.
1397 1335 1440 1366 et
1461 1319 1535 1370 lib.
1549 1336 1593 1383 4.
1617 1317 1753 1384 Epist.
1767 1334 1810 1381 9.
1830 1333 1939 1366 tom.
1969 1333 2007 1366 1.
2034 1333 2136 1382 pag.

176 1394 414 1452 893.939.
483 1384 660 1434 Vossius
689 1390 736 1434 in
759 1386 834 1447 lib.
857 1387 913 1434 de
936 1388 1199 1449 cognitione
1230 1383 1320 1446 sui,
1356 1384 1512 1434 recuso
1535 1390 1581 1435 in
1600 1402 1711 1434 tom.
1740 1403 1779 1435 1.
1809 1386 2009 1435 method.
2033 1389 2140 1433 Cre·

174 1459 243 1504 nii
264 1473 305 1521 p.
321 1474 432 1517 793.
467 1458 536 1503 De
556 1457 726 1503 Claudio
749 1453 841 1503 {iue
863 1452 1016 1501 museo
1040 1455 1288 1511 eiusmodi,
1323 1453 1526 1520 auspiciis
1551 1457 1844 1520 Imperatoris
1864 1454 2039 1502 Claudii
2067 1469 2142 1501 ex-

174 1523 343 1572 strufi‘to
371 1524 690 1578 Alexandriae,
729 1527 854 1571 cuius
875 1525 1086 1571 meminit
1108 1525 1363 1571 Athenaeus
1388 1527 1464 1572 VI.
1479 1541 1519 1589 p.
1538 1539 1647 1587 240.
1671 1523 1899 1570 adeundus
1919 1518 2142 1570 Casaubo·

175 1609 260 1640 nus
291 1592 347 1639 ad
367 1592 606 1639 Claudium
633 1594 833 1640 Sueto-nii
857 1609 891 1639 c.
906 1605 984 1654 42.
1021 1595 1091 1638 De
1112 1589 1364 1656 Aesculapii
1386 1607 1431 1639 et
1452 1595 1637 1656 Hygi-ae
1653 1589 1740 1638 siue
1759 1588 1908 1638 salutis
1929 1590 2139 1651 Collegio

175 1662 349 1708 Romae
366 1678 391 1708 e
413 1663 503 1707 LX.
526 1662 641 1707 viris
660 1659 889 1708 constante
909 1659 1019 1706 vide
1045 1675 1176 1706 vetus
1207 1676 1413 1706 marmor
1437 1661 1558 1724 apud
1587 1662 1808 1725 Sponium
1838 1676 1882 1724 p.
1909 1671 1983 1716 52.
2010 1653 2143 1703 Misc..
2230 1697 2236 1701 ,

178 1728 380 1775 eruditae
402 1731 687 1792 antiquitatis.
755 1731 824 1775 De
849 1728 1089 1774 Ciceronis
1111 1728 1350 1775 Academia
1381 1725 1542 1775 confer
1565 1731 1627 1774 Io.
1650 1727 1912 1791 Christoph.
1936 1723 2140 1772 Crameri

179 1799 433 1843 orationem
451 1796 508 1843 de
531 1800 594 1843 M.
616 1800 672 1843 Τ.
695 1797 929 1843 Ciceronis
950 1793 1222 1849 Tusculano,
1246 1800 1379 1843 Ienae
1395 1809 1535 1857 1752.
1584 1791 2145 1855 10.Georg.Guil.Volck·

180 1864 297 1911 harti
313 1867 635 1911 commentatio
651 1865 706 1911 de
729 1865 877 1911 hortis
897 1879 1102 1910 veterum
1118 1867 1431 1910 Romanorum
1443 1859 1612 1909 Museis
1635 1859 1771 1908 exstat
1792 1860 1884 1908 vol.
1907 1862 1985 1905 III.
2006 1855 2140 1905 Asio-

179 1948 283 1979 rum
311 1934 408 1978 Soc.
434 1935 528 1977 Lat.
558 1931 748 1978 lenensis
768 1948 809 1995 p.
841 1947 857 1978 1
873 1940 947 1987 82.
974 1928 1066 1994 sqq.
1136 1934 1208 1978 De
1226 1931 1444 1994 Berytenfi
1463 1929 1702 1977 Academia
1723 1929 1832 1974 iuris
1854 1925 2000 1973 studio
2025 1927 2140 1973 olim

181 1996 515 2047 celebratissima
529 1999 634 2044 vide
648 2001 764 2044 Ioan.
779 1998 997 2044 Strauehii
1011 1996 1361 2043 dissertationem
1374 1999 1492 2045 inter
1519 1999 1612 2044 eius
1635 1993 1963 2043 dissertationes·
1976 1996 2143 2042 Bruns·

180 2068 325 2130 wigae⁴
357 2074 550 2128 1662.4.
574 2065 723 2111 editas.
781 2061 1046 2113 Iac.‘Ha1aei
1072 2063 1276 2112 dissertat.
1303 2065 1442 2112 Halae
1471 2073 1609 2127 1716.
1633 2073 1674 2127 3.
1705 2078 1748 2110 et
1767 2064 1903 2111 Baelii
1922 2063 2140 2109 Lexicon.

181 2138 252 2183 De
273 2132 519 2198 Gymnafio
544 2132 872 2179 Timoleonteo
896 2129 1273 2194 Syracusanorum
1304 2134 1393 2194 agit
1417 2130 1603 2179 Iacobus
1622 2133 1829 2178 Bonanni
1859 2133 1908 2178 in
1929 2125 2139 2195 Syracusa
2244 2161 2247 2182 Ι

181 2205 361 2267 antiqua
381 2219 477 2267 pag.
498 2216 570 2262 37.
596 2216 638 2247 et
670 2208 770 2263 184.
795 2204 954 2246 Tomo
975 2202 1046 2245 XI.
1074 2197 1265 2247 thesauri
1289 2201 1448 2248 ltaliae.
1515 2202 1586 2246 De
1605 2199 1701 2246 aliis
1722 2196 1977 2263 Gymnasiis
1996 2199 2143 2244 aDio-
2188 2207 2195 2215 “
2244 2187 2246 2207 ¹

184 2269 311 2335 nysio
340 2271 514 2317 maiore
539 2269 735 2316 conditis
756 2269 986 2321 Diodorus
1005 2268 1176 2315 Siculus
1203 2271 1297 2314 XV.
1327 2285 1375 2332 p.
1398 2272 1510 2327 464.
1554 2270 1624 2314 De
1646 2267 1898 2315 Academiis
1916 2266 2139 2315 Gallorum
2241 2257 2244 2278 ¹

185 2355 391 2386 veterum
411 2335 508 2385 fuse
527 2352 571 2384 et
600 2336 777 2385 erudite
796 2333 964 2384 disserit
984 2333 1138 2383 Caesar
1159 2335 1391 2398 Aegarsius
1412 2337 1596 2384 Bulaeus
1629 2335 1676 2381 in
1705 2335 1937 2390 luculenta.
1957 2331 2141 2381 historia

188 2405 500 2454 Vniuerfitatis
517 2403 789 2460 Parifienfis,
825 2422 940 2468 quae·
957 2402 1029 2450 sex
1050 2401 1361 2452 voluminibus
1383 2407 1430 2451 in
1449 2402 1565 2452 folio
1587 2401 1756 2451 Parisiis
1783 2412 1876 2454 166
1885 2401 2138 2466 &prodiit-

188 2478 344 2521 Tomo
368 2476 549 2540 primo,
584 2489 629 2521 et
647 2473 829 2537 quidem
853 2473 907 2521 d‘c
932 2472 1154 2520 academia
1183 2474 1435 2536 Marstlicnfi
1472 2469 1778 2519 Phocenfium'
1801 2471 2000 2522 colonia,
2038 2486 2140 2534 pag.

194 2545 265 2590 16.
296 2544 491 2605 Aeduenfi
520 2539 596 2590 seu·
618 2542 964 2607 Augustodunenfi
987 2557 1086 2606 pag.
1112 2556 1194 2604 ας.
1236 2558 1278 2588 et
1298 2539 1377 2588 {ub
1410 2541 1624 2588 Romanis
1655 2537 1912 2603 Narbonenfi
1935 2553 2034 2600 pag.
2062 2553 2141 2598 33.
2171 2569 2175 2571 -

193 2607 389 2668 Tolqsima
409 2628 451 2674 p.
480 2626 498 2669 3
509 2624 551 2666 9.
590 2610 887 2676 Burdegalensi
901 2627 944 2674 p.
966 2613 1050 2668 46.
1067 2624 1110 2668 et
1130 2610 1387 2675 Lugdunenst
1402 2627 1444 2674 p.
1475 2614 1549 2671 56.
1590 2610 1660 2655 De
1678 2605 1839 2655 scholis
1861 2603 2139 2661 Pistauiensi,
2232 2610 2233 2638 ἕ

187 2681 416 2731 Aruerna,
451 2676 711 2724 Treuirensi
735 2693 777 2725 et
800 2676 1046 2726 Vesontina
1068 2694 1112 2743 pj.
1129 2694 1204 2739 55.
1242 2682 1312 2725 De
1335 2676 1498 2725 scholis
1522 2673 1856 2724 coenobialibus
1870 2690 1913 2738 p.
1928 2686 2135 2738 73.710.

187 2742 282 2810 sqq.
308 2749 353 2794 et
382 2741 731 2812 episcopalibus,
766 2762 903 2813 atque.
933 2747 993 2796 de
1016 2743 1180 2824 scholis
1207 2744 1645 2797 Parifienfibus-ante
1666 2741 1967 2792 Catulum-M.
1989 2758 2036 2810 p.
2061 2748 2138 2802 84,-
2176 2743 2179 2745 “
2228 2736 2229 2748 ’
2253 2741 2255 2746 '

2067 2811 2144 2858 De
2224 2802 2252 2879 ἕΙ

2222 2877 2254 2910 ΞΓ
