2263 3027
174 88 271 138 972
676 67 826 120 cap,
859 58 1009 120 xxti
1103 61 1229 118 Ans
1258 54 1621 121 mosoma.

174 195 384 250 ieffinus,
426 191 682 259 post‘thuius
713 189 800 239 fata
831 192 1043 239 venditus
1075 196 1126 240 A.
1159 194 1299 254 172'2'.
1364 197 1521 256 Longe
1542 192 1810 258 ampliorem
1835 188 1988 242 eadem
2012 197 2132 242 Mar·

174 267 353 312 chionis
374 262 647 322 bibliotheca
664 262 841 325 copiam
865 257 1126 323 scelestarum
1141 276 1182 308 et
1196 261 1604 326 pulcherrimarum
1627 260 1875 309 tabularum
1892 279 2127 322 aenearum

175 335 352 398 copiam
376 329 558 377 exhibet
578 345 720 392 vsque
741 328 793 374 ad
815 345 855 392 p.
885 343 991 394 123.
1070 332 1235 392 Neque
1258 332 1406 377 minus
1437 331 1632 395 amplam
1666 327 2129 394 praestantissimarum

174 400 426 459 tabularum
457 414 693 444 aenearum
723 399 901 461 copiam
931 393 1124 464 possedit
1154 396 1484 444 Celeberrimus
1519 397 1725 445 10.Frid.
1752 397 1993 452 Christius‚
2026 402 2131 445 Aca-

176 469 348 515 demiae
371 463 605 531 Lipsiensis
627 466 738 511 olim
762 465 917 518 decuS,
952 482 1143 529 quarum
1173 465 1394 527 catalogus
1425 466 1581 528 gallice
1610 466 1844 529 'euulgatus
1877 464 1936 512 est
1959 464 2132 532 Lipsiae

180 551 320 596 1757.
347 544 388 590 8.
444 531 700 581 Artifieium
727 536 787 579 Io.
824 532 985 580 Christ.
1009 534 1176 587 monii,
1205 532 1391 598 picioris
1421 531 1740 588 Londinensis,
1782 551 1881 580 aere
1915 530 2132 598 descripta

175 605 311 650 variis
333 601 618 668 exprimendi
642 598 869 646 coloribus
890 599 1138 647 celebratur
1159 604 1205 648 in
1228 602 1598 666 ephemeridibus
1618 602 1900 648 eruditorum
1924 599 2131 648 Parisien-

176 670 291 724 fibus
325 683 465 729 1722.
491 665 640 714 mense
659 667 775 715 Iulio
800 675 935 732 p.46.
956 665 1049 733 sqq.
1087 671 1324 716 memoriis
1345 670 1630 718 Treuoltinis
1662 683 1800 730 1727.
1834 687 1880 734 p.
1908 679 2018 728 965.
2038 666 2131 733 sqq.

176 735 507 801 Philosophicis
530 732 903 783 tra'nsaffionibus
930 753 973 785 n.
1000 752 1112 795 419.
1135 753 1177 784 et
1197 740 1245 783 in
1266 739 1635 802 epitomeTomo
1651 741 1723 783 VI.
1745 755 1787 794 4.
1813 755 1856 802 p.
1875 753 1945 797 30.
1963 734 2061 801 sqq.
2224 784 2229 791 ,

326 808 593 868 Praecipuos
618 820 660 850 et
686 803 955 851 celebriores
983 805 1299 872 Typographos,
1335 822 1388 852 ex
1406 806 1622 852 Hadriani
1650 806 1820 852 Bailleti
1845 805 2019 852 iudiciis
2038 820 2134 851 eru·
2162 806 2170 807 ’
2226 840 2257 865 2.

179 875 379 920 dirorum
403 888 445 919 et
468 872 770 919 Almelouenii
792 873 897 916 vitis
927 873 1260 936 Stephanorum
1283 873 1578 937 Alphabetico
1604 874 1763 919 ordine
1785 873 1963 938 pridem
1983 873 2136 919 notaui
2210 872 2212 874 ’

179 943 232 988 ad
256 941 419 987 calcem
443 940 743 986 Bibliothecae
763 941 971 1000 Latinae,
1010 940 1172 1002 quibus
1192 940 1324 986 addes
1349 942 1507 987 Burch.
1529 937 1911 989 Gothelt'Struuii
1934 940 2136 988 introdu-

179 1007 380 1058 &iOnem
409 1007 463 1053 ad
493 1024 589 1053 rem
623 1008 880 1053 litterariam
905 1023 995 1070 cap.
1026 1021 1101 1056 11.
1161 1008 1544 1054 Mich.Maittaire
1568 1007 1795 1054 historiam
1821 1009 2138 1073 typographo-

181 1093 284 1127 rum
306 1076 475 1139 aliquot
503 1071 828 1128 Par-iliensium,
867 1073 1068 1120 Londini
1097 1089 1232 1137 ¹7¹7·
1260 1081 1300 1130 8.
1338 1075 1511 1122 Frider.
1534 1073 1878 1123 Rothscholzeri
1900 1078 2051 1123 icones
2077 1075 2138 1121 bi-

179 1144 487 1208 bliopolarum
521 1158 562 1188 et
595 1143 995 1206 typographorum
1028 1142 1083 1188 de
1116 1159 1163 1189 re
1194 1141 1372 1207 publica
1404 1143 1616 1189 litteraria
1645 1142 1760 1190 bene
1789 1145 2059 1190 meritorum
2085 1142 2138 1189 ab

179 1209 461 1263 incunabulis
483 1210 813 1274 typographi-ac
836 1208 890 1254 ad
913 1206 1059 1256 nostra
1079 1228 1220 1274 vsque
1239 1226 1468 1275 tempora,
1492 1211 1710 1259 Norimb.
1740 1219 1879 1271 1726.
1924 1211 2138 1258 Eiusdem

179 1275 436 1327 thesaurum
469 1277 818 1334 emblematum,
858 1276 905 1322 id
937 1275 1019 1333 est,
1064 1277 1249 1340 insignia
1277 1277 1631 1345 bibliopolarum
1665 1296 1707 1326 et
1737 1280 2137 1345 typographorum
2210 1295 2220 1301 “

180 1347 233 1394 ab
254 1346 535 1399 incunabulis
558 1346 890 1409 typographiae
911 1345 963 1390 ad
985 1345 1130 1392 nostra
1151 1364 1291 1410 vsque
1311 1362 1532 1412 tempora,
1552 1346 1660 1393 ibid.
1681 1360 1820 1408 1730.
1847 1345 1914 1393 fol
1966 1347 2138 1394 Iudaeis

180 1414 318 1462 CPoli
350 1429 391 1460 et
412 1411 754 1464 Thessalonicae
786 1410 1031 1460 conceffam
1064 1415 1246 1480 pridem
1279 1417 1657 1481 typographiam,
1696 1417 1820 1462 cuius
1837 1412 1942 1461 vsus
1970 1414 2140 1478 alioqui

179 1481 442 1549 prohibitus
472 1483 520 1529 in
558 1479 805 1528 ditionibus
836 1483 1045 1528 Turcicis
1074 1480 1164 1537 est,
1203 1499 1327 1529 notat
1363 1487 1425 1534 Io.
1451 1483 1636 1530 Iacobus
1666 1484 1835 1530 Schudt
1866 1485 1912 1529 in
1936 1481 2051 1530 Hist.
2075 1486 2140 1528 [u-

182 1552 305 1598 daica
325 1567 369 1615 p.
390 1563 499 1609 452.
514 1546 575 1614 sq.
596 1546 668 1595 sed
687 1564 859 1595 tantum
882 1547 1128 1597 restriffiam
1165 1551 1219 1597 ad
1251 1551 1392 1598 libros
1416 1551 1667 1603 Hebraicos
1695 1551 2004 1606 excudendos‚
2045 1566 2087 1597 et
2115 1566 2140 1596 a
2219 1549 2227 1563 ²

180 1620 323 1680 longo
347 1619 433 1664 iam
458 1633 665 1683 tempore
691 1615 986 1664 deficientem.
1057 1625 1117 1666 At
1139 1619 1332 1681 gaudent
1357 1621 1673 1684 typographus
1687 1621 1837 1666 Iudaei
1853 1635 1946 1665 non
1965 1633 2137 1665 tantum
2220 1633 2225 1641 ·

182 1689 231 1733 in
255 1687 501 1749 Ger-mania
524 1683 811 1732 Francofurti
844 1685 898 1731 ad
926 1690 1171 1741 Moenum,
1206 1685 1473 1735 Dannhusae
1503 1691 1548 1735 in
1570 1690 1752 1742 Sucuia‚
1789 1683 2060 1750 Dyrenfurti
2093 1686 2139 1729 in
2222 1680 2240 1746 J.

183 1752 356 1810 Silesia,
392 1755 438 1799 in
463 1754 648 1800 Polonia
669 1755 911 1800 Cracouiae
932 1764 974 1800 et
996 1754 1206 1813 Lublini‚
1242 1760 1403 1817 Pragae
1436 1759 1481 1802 in
1507 1757 1743 1813 Remmia,
1779 1757 1825 1800 in
1854 1754 2004 1815 Belgio
2030 1757 2135 1798 Am-
2217 1789 2234 1805 ,,

184 1819 433 1879 stelodami‚
467 1818 541 1867 sed
563 1836 605 1867 et
631 1822 675 1866 in
698 1821 820 1867 ltalia
840 1837 1022 1886 quoque
1037 1823 1239 1870 Veneriis
1261 1839 1303 1870 et
1325 1823 1444 1876 alibi,
1479 1823 1585 1869 vide
1608 1821 1948 1870 Cheuillierium
1978 1820 2032 1865 de
2051 1821 2138 1864 ori«
2195 1870 2197 1873 ¹
2216 1833 2230 1877 -έ

185 1891 292 1950 gine
318 1889 678 1951 Typographiae
698 1887 943 1935 Parisienlis
973 1906 1018 1953 p.
1039 1894 1152 1948 264.
1173 1887 1232 1952 sq.
1267 1907 1310 1937 et
1330 1891 1658 1950 Bai-toloccium
1682 1904 1793 1934 torn.
1823 1902 1857 1935 Ι.
1884 1905 1925 1951 p.
1944 1900 2058 1948 432.
2095 1900 2138 1932 et
2218 1886 2237 1940 ¹,

185 1959 252 2002 Io.
278 1953 439 2002 Christ.
462 1953 616 2010 Wolrii
638 1955 898 2001 bibliothec.
925 1957 1177 2003 Hebraeam
1198 1961 1377 2005 tom.I[.
1401 1974 1442 2019 p.
1464 1971 1574 2016 941.
1596 1953 1688 2019 sqq.
1729 1956 1835 2017 quid
1861 1955 1983 2018 quod
2005 1957 2138 2001 etiam

186 2022 426 2088 priuilegia
452 2020 619 2066 addunt
643 2036 685 2067 et
710 2019 1030 2070 exsecrationes
1051 2026 1096 2068 in
1119 2023 1244 2068 libris
1267 2021 1483 2087 impreslis
1506 2039 1562 2070 ne
1589 2026 1687 2085 quis
1713 2022 1812 2068 illos
1842 2022 1996 2068 audeat
2014 2039 2137 2068 recu·

188 2090 307 2137 dere.
378 2088 539 2134 Plusne
568 2088 673 2133 mali
707 2106 759 2134 an
793 2090 1090 2135 emolumenti
1113 2090 1400 2153 Reipublicae
1433 2091 1670 2136 litterariae
1699 2090 1895 2136 attulerit
1918 2107 1984 2135 ars
2006 2105 2139 2153 typo-

189 2158 402 2221 graphica
419 2190 428 2208 ,
454 2156 661 2220 disquirit
682 2155 805 2202 Guil.
828 2153 1079 2211 insulanus,
1101 2159 1146 2202 in
1172 2161 1336 2204 Statera
1357 2157 1737 2222 Chalcographi'ae
1761 2175 1846 2221 qua
1866 2157 1983 2203 bona
2006 2156 2138 2221 iplius

189 2240 235 2273 et
262 2224 376 2270 mala
410 2221 538 2269 fimul
567 2222 887 2288 appenduntur
918 2240 960 2271 et
994 2240 1307 2280 numerantur,
1341 2231 1475 2273 Anno
1507 2227 1640 2287 1547.
1675 2233 1714 2280 8.
1788 2223 1959 2272 Confer
1986 2228 2138 2271 Bocca-

189 2293 273 2339 lini
300 2292 544 2339 centuriam
567 2293 762 2354 primam
782 2291 1051 2338 relationum
1073 2309 1126 2339 ex
1141 2289 1366 2347 Parnaffo,
1389 2293 1603 2340 relatione
1630 2309 1702 2351 35.
1738 2294 2021 2354 Religionem
2043 2294 2137 2338 Me=
2189 2342 2192 2343 ⁷
2226 2320 2241 2343 ,i

192 2360 280 2406 dici
302 2377 350 2424 p.
373 2373 477 2418 152.
513 2359 612 2405 Rol.
634 2358 1050 2424 Marelii'Epistolas
1071 2378 1168 2425 pag.
1189 2377 1297 2421 353.
1335 2377 1377 2407 et
1412 2364 1471 2408 lo.
1502 2366 1614 2423 Aug.
1636 2359 1806 2407 Ernesti
1830 2358 2138 2425 prolusionem
2194 2388 2195 2393 =
2225 2374 2240 2420 ,ἦ

192 2443 279 2490 qua
301 2427 555 2490 quaeritur,
592 2426 753 2489 quibus
776 2427 1022 2474 litterarum
1045 2425 1290 2492 disciplinis
1314 2445 1356 2475 et
1387 2444 1603 2492 quatenus
1627 2428 1968 2492 chalcographia
1986 2425 2139 2491 prosit,
2184 2414 2239 2499 ii

192 2493 315 2558 Lips.
345 2508 481 2554 1740.
524 2515 527 2520 ’
551 2495 721 2540 Merito
742 2510 888 2541 autem
909 2496 1126 2542 Nicolaus
1153 2497 1383 2552 Beraldus,
1419 2494 1698 2560 praefatione
1724 2498 1777 2542 ad
1799 2496 1993 2543 Plinium
2017 2509 2142 2558 optat
2186 2469 2237 2555 lg

186 2562 346 2624 *aliquo
369 2561 552 2624 publico
567 2562 748 2608 decreto
769 2562 967 2608 inhiberi
988 2579 1035 2609 ac
1050 2562 1631 2626 reprimiinsolentiffimam
1655 2566 1941 2625 ignorantum
1965 2533 2231 2626 impres-'⁷²3¹

196 2627 347 2675 sorum
371 2628 594 2675 audaciam
611 2663 621 2680 ,
659 2628 820 2693 quibus
843 2631 930 2676 hoc
957 2629 1170 2677 debemus
1185 2666 1194 2684 ‚
1231 2631 1353 2694 quod
1365 2647 1449 2698 pro
1471 2648 1724 2694 unaquaque
1743 2631 1892 2675 littera
1914 2634 2147 2676 inuenimus
2178 2614 2232 2702 ,ᾖ

183 2698 383 2763 plagam,
410 2711 493 2761 pro
505 2695 667 2757 syllaba
691 2714 878 2754 crucem,
907 2713 995 2765 pro
1014 2696 1123 2745 libro
1155 2711 1426 2746 tormentum.
1498 2703 1678 2763 Qanto
1706 2696 1974 2762 praeclarius
2008 2690 2228 2771 Ald'usaffv¹

1918 2768 2148 2816 Manutius
2176 2768 2231 2815 ''e‘fs'
