2263 3027
191 102 292 161 726
759 90 910 147 CAP.
946 89 1084 148 XIV.
1160 90 1554 156 COLONIAE.

187 218 332 283 (vnde
355 218 572 267 Coloniae
598 217 807 280 Iulianae)
838 219 946 268 vide
978 223 1040 268 H.
1061 220 1207 269 Noris
1233 221 1483 285 Cenotaph.
1505 216 1646 267 Pisan.
1679 217 1886 270 dissertat.
1915 236 1954 271 ι.
1986 239 2022 274 c.
2049 236 2132 280 22.

184 286 488 352 Praesec‘lurae
512 292 554 327 23
578 287 727 338 nullos
751 287 974 336 habebant
994 285 1119 355 ipsae,
1129 287 1427 352 Magistratus,
1450 286 1526 335 sed
1550 290 1618 335 ius
1638 287 1703 346 ibi
1725 289 1953 338 dicebatur
1973 309 1996 339 a
2012 296 2135 343 Prae-

186 353 307 403 festo
330 358 475 402 Roma
497 353 640 405 miffo.
706 357 824 405 Vide
846 355 1026 405 Festum
1049 358 1098 405 in
1108 357 1399 426 praeseiflura.
1464 357 1593 404 Talis
1619 355 1722 423 post
1748 360 2134 423 expugnationem

186 427 359 488 Capua,
397 423 452 472 de
474 440 561 488 qua
581 425 739 472 Liuius
761 427 946 472 XXVII.
976 432 1048 476 16.
1100 429 1351 492 ΑΜιιηὶεἱρία
1380 423 1468 472 suis
1494 425 1700 473 moribus
1720 426 1985 491 legibusque
2010 429 2135 477 viue-

183 489 291 539 bant
319 506 370 538 vt
398 507 559 539 notum
594 493 670 541 vel
698 510 722 541 e
754 493 896 542 Gellii
923 496 1045 541 XVI.
1081 507 1158 546 12.
1228 494 1399 541 Melior
1433 495 1573 556 igitur
1611 491 1700 541 fuit
1735 491 1896 543 eorum
1919 496 2133 544 conditio

183 575 322 624 quam
340 560 649 616 coloniarum,
685 577 736 609 vt
755 560 877 611 reste
900 558 1152 615 obseruauit
1172 561 1316 611 Iustus
1332 564 1596 609 Vicecomes
1618 561 1706 609 fiue
1727 563 2064 610 Mazzuchellus
2087 567 2136 612 in

183 628 388 675 coloniae
400 629 607 677 Ticiniae
629 645 892 678 commento
911 627 1165 679 exsufflato:
1201 631 1308 677 vide
1321 630 1541 679 Giornale
1560 630 1622 678 d'l
1631 630 1732 677 talia
1743 633 1802 678 Τ.
1819 647 1839 681 1
1853 647 1891 694 3.
1904 647 1951 697 p.
1968 648 2060 692 379
2073 629 2136 696 sq.

182 710 225 744 et
245 700 305 745 T.
337 692 407 759 1⁴4.
432 712 476 761 p.
506 712 592 759 141
623 694 717 762 sqq.
747 706 838 762 148
864 695 958 763 sqq.
1028 696 1201 746 Confer
1225 698 1564 763 dejmunicipiis
1587 695 1826 746 Maffeium
1849 703 2058 747 Veronae
2081 699 2137 746 il-

181 761 385 811 lustratae
413 767 524 812 Part.
552 781 592 814 1.
623 782 726 830 pag.
752 770 839 817 161
869 763 964 831 sqq.
1040 766 1164 814 Ioan.
1187 770 1301 814 Dan.
1325 766 1667 831 Schoepflinum
1690 765 1878 815 Alsatiae
1900 765 2137 816 illustratae

181 835 243 883 T.
269 849 307 881 1.
336 848 381 896 p.
406 842 514 893 285.
587 833 674 884 Iac.
700 839 771 882 W.
802 835 1054 882 Schlicheri
1078 832 1240 881 differt.
1270 835 1327 881 de
1352 836 1450 881 iure
1480 836 1763 899 municipum
1795 851 1839 883 et
1865 836 2139 900 municipio-

181 915 299 947 rum.
323 901 539 961 Lugduni
561 905 709 950 Batav.
736 916 796 964 17
811 919 878 964 ¹4-
901 918 945 950 et
967 902 1234 968 loamGuil.
1258 901 1584 951 Waldschmidt
1606 901 1769 951 differt.
1791 904 1848 951 de
1869 900 2137 950 differentiis

181 968 545 1032 municipiorum
565 971 880 1017 Romanorum
906 986 949 1017 et
969 969 1155 1017 vrbium
1177 973 1447 1019 Germaniae
1478 971 1785 1019 mediatatum.
1808 970 1957 1019 Marb.
1988 984 2134 1032 1729.

181 1036 440 1100 Municipia
472 1053 527 1083 ex
563 1039 714 1084 numis
748 1052 792 1084 et
824 1036 1198 1103 inscriptionibus
1236 1038 1398 1086 ordine
1435 1039 1716 1104 alphabetico
1755 1037 1896 1087 refert
1927 1040 2138 1088 Goltzius

182 1118 232 1168 p.
258 1119 352 1162 242
377 1099 439 1168 sq.
459 1101 654 1155 thesauri
678 1106 746 1151 rei
765 1107 1011 1153 numatiae.
1089 1108 1160 1153 De
1183 1104 1509 1168 magistratibus
1530 1107 1880 1173 municipalibus
1899 1107 2006 1154 vide
2026 1107 2139 1154 Gui-

182 1170 317 1218 donis
346 1172 588 1219 Pancirolli
609 1170 869 1227 trastatum²
908 1171 1115 1219 Notitiae
1135 1173 1408 1235 dignitatum
1425 1175 1661 1239 Vtriusque
1687 1177 1871 1239 imperii
1899 1173 2141 1231 adieuum,

182 1253 228 1286 et
255 1237 461 1286 recusum
496 1243 555 1290 T.
582 1239 664 1288 lll.
697 1237 892 1288 thesauri
922 1241 1194 1298 Graeuiani3
1245 1241 1410 1290 Euerh.
1434 1245 1618 1290 Ottonis
1644 1241 1813 1290 librum
1838 1243 1894 1290 de
1922 1241 2142 1290 aedilibus

181 1306 467 1354 coloniarum
495 1322 538 1354 et
558 1308 920 1373 municipiorum
938 1343 949 1363 ,
986 1309 1159 1363 editum
1185 1306 1395 1357 Francos.
1421 1324 1562 1374 1713.
1592 1319 1635 1366 8.
1663 1325 1707 1358 et
1735 1307 1943 1358 recusum
1963 1307 2140 1374 Lipfiae

180 1372 487 1437 (vltraieffl)
521 1388 660 1437 1732.
688 1384 732 1433 8.
806 1379 879 1424 De
908 1378 1114 1424 Patronis
1146 1378 1507 1443 municipiorum
1525 1378 1766 1444 Philippus
1788 1395 1811 1426 a
1830 1382 1985 1426 Turre
2019 1381 2067 1426 P.
2100 1392 2140 1424 ι.

182 1458 276 1507 cap.
311 1460 327 1491 ι’
345 1457 382 1490 1.
409 1443 465 1490 ad
490 1458 788 1509 monumenta
808 1446 975 1493 veteris
996 1446 1140 1494 Antii.
1211 1449 1449 1510 Qaenam
1466 1443 1723 1495 differentia
1748 1443 1887 1494 fuerit
1909 1447 2029 1494 inter
2050 1447 2138 1505 Co·-

179 1510 350 1570 ionias,
387 1513 637 1576 municipia
654 1511 746 1560 fine
768 1527 811 1560 et
833 1529 935 1561 cum
960 1514 1059 1562 iure
1079 1510 1294 1576 suffragii,
1325 1515 1524 1563 ciuitates
1542 1516 1673 1563 Latio
1699 1514 1897 1572 donatas,
1919 1512 2137 1567 libertate,

180 1575 391 1636 foedere,
428 1595 471 1628 et
492 1578 801 1645 stipendiarias
831 1583 1022 1646 exponit
1051 1582 1175 1630 loan.
1196 1582 1464 1630 Harduinus
1494 1583 1548 1631 ad
1576 1584 1774 1632 Plinium
1802 1585 1860 1632 T.
1890 1597 1935 1636 Ι.μ
1949 1599 1996 1648 p.
2027 1589 2138 1641 389ss

184 1646 286 1694 edit.
313 1649 359 1694 in
381 1644 533 1695 forma
553 1649 897 1714 quadripartita,
934 1664 978 1697 et
996 1647 1220 1698 Onufrius
1241 1651 1485 1699 Panuinius
1508 1651 1568 1702 Π.
1594 1669 1620 1709 9
1646 1648 1742 1716 sqq.
1768 1651 2138 1714 antiquit.fveroe
2218 1683 2220 1686 >

184 1712 400 1762 nenfium.
412 1714 658 1764 Vniuersae
672 1713 919 1782 Hispaniae
941 1720 1009 1765 ius
1031 1719 1149 1766 Latii
1167 1716 1640 1783 tribuithespafianuS,
1650 1720 1820 1766 Plinius
1830 1721 1894 1763 H.
1908 1719 1970 1768 N.
1990 1718 2041 1761 L.
2056 1716 2137 1764 111.

186 1799 225 1832 c.
251 1797 293 1844 3.
319 1799 367 1846 p.
393 1792 501 1841 108.
570 1787 641 1832 De
665 1785 755 1832 ritu
778 1784 1017 1850 depalandi
1038 1801 1172 1850 atque
1194 1801 1339 1833 aratro
1368 1786 1607 1849 pomoeria
1636 1800 1782 1831 nouae
1810 1783 2001 1830 ciuitatis
2031 1797 2136 1829 con-

188 1850 360 1897 dendae
381 1850 736 1907 determinandi,
772 1854 1013 1918 Philippus
1034 1852 1266 1901 Rubenius
1297 1854 1345 1900 in
1364 1847 1543 1908 elestis,
1577 1848 1697 1898 libro
1725 1865 1770 1899 et
1796 1851 1940 1916 capite
1965 1851 2136 1915 primo,

188 1933 231 1968 et
251 1918 453 1965 Andreas
472 1920 652 1965 Cirinus
677 1920 733 1966 de
755 1920 869 1968 vrbe
886 1924 1032 1969 Roma
1062 1937 1155 1984 cap.
1184 1936 1223 1966 1.

329 1988 397 2032 Ex
417 1987 692 2050 prouinciis,
731 2003 948 2050 quaenam
969 1983 1222 2046 consulares
1234 2017 1246 2039 ‚
1281 1982 1645 2049 proconsulares,
1681 1982 1974 2049 praefidiales,
2008 1998 2136 2048 prae·

184 2054 351 2107 toriae,
397 2053 504 2100 vide
528 2069 640 2117 quae
660 2068 818 2100 notant
840 2052 1016 2118 Lipsius
1039 2053 1092 2100 ad
1105 2054 1318 2100 Tacitum
1334 2087 1346 2107 ‚
1378 2053 1635 2102 Alexander
1653 2052 1706 2099 ab
1719 2051 1978 2100 Alexandro
1996 2049 2073 2100 lib.
2087 2062 2136 2103 24

186 2121 432 2183 genialium
463 2121 641 2169 dierum
671 2137 765 2186 cap.
797 2136 879 2183 27.
946 2118 1120 2184 Wolfg.
1155 2121 1316 2167 Lazius
1347 2121 1395 2168 in
1429 2120 1770 2168 Commentario
1801 2119 1858 2167 de
1887 2117 2135 2183 Republica

186 2193 412 2243 Romana,
449 2189 660 2254 inprimis
683 2204 797 2236 vero
823 2185 1047 2236 Onufrius
1076 2203 1119 2236 et
1142 2189 1351 2250 Sigonius
1383 2190 1431 2235 in
1459 2188 1587 2236 libris
1619 2203 1734 2252 quos
1768 2187 1908 2234 modo
1937 2186 2133 2234 laudaui-

189 2274 305 2305 mus.
373 2254 526 2305 DuRu
542 2258 738 2321 Pompei
762 2259 830 2306 M.
851 2258 1073 2306 terminus
1090 2258 1286 2305 Romani
1304 2257 1492 2323 Imperii
1510 2259 1687 2306 Oruros
1715 2256 1765 2303 in
1787 2252 2133 2319 Mesopotamia,

187 2326 293 2374 vide
315 2325 426 2373 Plin.
450 2328 531 2374 VI.
558 2329 633 2388 36.
657 2329 716 2374 T.
745 2339 784 2373 1.

321 2464 420 2510 XV.
451 2465 523 2509 De
543 2462 680 2509 variis
699 2457 1033 2523 Magistratibus
1061 2457 1310 2525 officiisque
1329 2462 1378 2510 in
1406 2458 1502 2508 aula
1527 2459 1861 2525 Imperatorum
1882 2469 1925 2504 et
1941 2457 2133 2506 Prouin-

191 2527 269 2575 ciis
294 2529 479 2595 Imperii
503 2530 872 2594 quumOrientis
893 2543 992 2576 tum
1014 2529 1272 2577 Occidentis
1289 2562 1302 2585 ,
1349 2545 1432 2594 per
1453 2528 1608 2583 Media
1636 2544 1686 2574 ac
1713 2523 1919 2589 sequiora
1949 2520 2134 2581 saecula,

192 2595 312 2642 adire
344 2598 446 2645 licet
483 2600 691 2645 notitiam
723 2598 995 2660 dignitatum
1032 2598 1266 2661 Vtriusque
1308 2598 1500 2663 Imperii
1537 2592 1864 2647 commentario
1904 2593 2133 2642 Guidonis

189 2664 430 2715 Pancirolli
452 2664 712 2715 illustratam
729 2700 742 2723 ‚
780 2665 835 2715 de
856 2668 981 2715 cuius
1014 2665 1291 2716 editionibus
1313 2667 1449 2716 variis
1487 2665 1585 2714 dixi
1610 2665 1660 2715 in
1693 2658 1970 2710 Bibliotheca
1997 2661 2135 2713 latina

249 2809 286 2843 ²³
304 2809 350 2852 ln
368 2807 495 2854 numis
513 2807 679 2862 ἡγεμονία
696 2813 919 2866 memenich.
972 2811 1074 2858 Vide
1093 2795 1340 2857 Harduinuin
1360 2810 1410 2854 de
1430 2809 1558 2856 nunus
1576 2806 1725 2852 vrbium
1747 2804 1905 2862 p.†400.
1955 2812 1957 2814 ’
2045 2821 2052 2827 ·
2157 2805 2162 2810 ’
