2263 3027
270 144 368 190 190
629 128 778 181 CAP.
812 129 874 181 V.
942 126 1434 180 GEOGRAPH1
1511 127 1836 182 GRAECI.

404 256 447 299 V
462 255 528 301 11.
557 257 626 302 De
638 255 832 318 antiquis
844 253 1321 318 GcographisGraecis
1333 270 1426 301 non
1440 268 1786 319 repetam,¹quae
1808 253 2031 319 prolixius
2053 253 2202 322 dispu-

267 334 352 367 tata
361 318 461 368 sunt
473 322 548 370 lib.
563 341 606 384 4.
619 322 921 370 Bibliothecae
930 322 1127 368 Graecae
1140 339 1173 369 c.
1194 327 1439 383 1*4.tantum
1453 326 1638 369 nomina
1652 338 1694 369 et
1704 323 1965 387 praecipuas
1979 323 2199 370 editiones

267 389 409 436 verbo
430 388 739 454 perstringam,
768 389 1076 452 nonnullaque
1099 390 1362 436 memorabo
1385 390 1448 436 ibi
1473 386 1638 437 omissa.
1707 394 2017 439 Peruenerunt
2035 391 2089 437 ad
2112 408 2195 437 nos

411 475 448 508 ι.
486 457 641 504 Strabo
674 455 938 510 Amasenus,
973 456 1172 519 Augusto
1201 473 1245 505 et
1274 457 1465 504 Tiberio
1506 460 1756 523 imperante
1787 458 1928 505 clarus
1942 492 1952 512 ,
1985 459 2110 505 cuius
2143 458 2202 505 li-

267 523 337 571 bri
358 529 422 572 16.
460 526 514 572 de
535 521 825 590 Geographia
845 542 946 572 cum
968 525 1187 589 Xylandri
1206 523 1410 572 versione
1432 541 1474 572 et
1497 524 1628 573 Isaaci
1650 524 1899 573 Casauboni
1930 541 2201 574 commenta-

268 594 337 638 rio
358 593 472 640 bene
494 595 601 641 editi
620 591 719 640 sunt
744 611 766 640 a
783 597 819 640 F
823 594 888 641 ed.
903 593 1114 649 Motello,
1136 590 1265 640 Paris.
1289 603 1426 641 1620.
1450 591 1530 639 fol.
1568 594 1813 641 Meliorem
1836 594 2082 640 editionem
2096 610 2201 640 cum

267 659 515 708 Cas-auboni
535 677 577 708 et
595 662 789 708 aliorum
809 664 1015 707 virorum
1038 659 1280 707 doaorum
1304 657 1693 708 obseruationibus
1716 679 1808 709 non
1829 662 1882 707 ad
1899 661 2061 708 calcem
2078 661 2194 713 libri,

266 725 340 775 sed
362 748 443 793 per
464 729 651 791 singulas
673 731 854 794 paginas
874 728 1025 776 verbis
1046 728 1275 776 Strabonis
1296 727 1438 775 statim
1464 726 1690 775 substratis
1718 728 1955 776 nouissime
1983 730 2122 776 edidit
2142 732 2197 775 V.
2253 748 2258 756 ⁸

266 801 316 845 C.
336 798 515 845 Theod.
539 794 766 844 Iansonius
786 796 838 844 ab
863 796 1170 845 Almeloveen.
1202 794 1446 843 Amstelod.
1484 813 1618 858 ¹707·
1647 795 1726 843 fol.
1796 796 2062 844 Versionem
2082 799 2201 843 Stra-

265 864 399 912 bonis
424 863 684 913 Casaubono
709 882 887 931 praeter
913 882 1009 912 rem
1039 864 1197 910 tribuit
1219 865 1481 910 Harduinus
1514 867 1561 910 in
1582 867 1730 911 numis
1751 866 2032 930 populorum
2060 879 2102 910 et
2121 880 2198 910 vr·

265 933 393 981 bium
414 933 638 980 illustratis
659 951 704 999 p.
732 947 844 994 410.
944 936 1012 979 De
1043 935 1248 979 Hen1·ico
1282 934 1537 994 Serimgero
1572 934 1679 979 haec
1702 935 1930 979 Henricus
1949 933 2199 996 Stephanus

266 1005 386 1049 notis
406 1003 461 1051 ad
481 1005 738 1048 Maximum
749 1002 949 1063 Tyrium
971 1017 1015 1064 p.
1030 1007 1139 1063 360.
1209 1003 1329 1066 Apud
1346 999 1595 1046 Strabonem
1613 999 1690 1049 vbi
1697 1003 1825 1046 editio
1836 1001 1986 1047 Aldina
2007 1001 2200 1065 Λριςέας

265 1070 402 1127 habet,
438 1074 660 1119 annotauit
683 1071 896 1115 Hem-icus
914 1072 1181 1134 Scrimgerus
1199 1070 1344 1115 Scotns
1363 1084 1416 1114 ex
1440 1071 1584 1115 iisdem
1607 1066 1917 1135 exemplaribus
1936 1084 2117 1131 quorum
2130 1080 2199 1132 ope

264 1138 638 1205 huncfiriptorem
659 1155 684 1183 a
706 1138 849 1183 multis
867 1137 1114 1184 mendorum
1137 1134 1315 1181 millibus
1330 1142 1541 1203 purgauit
1556 1171 1566 1190 ,
1602 1138 1706 1183 hanc
1739 1135 1923 1183 leffionis
1941 1140 2200 1181 varietatem

266 1215 461 1275 Αξιςεῖρς
478 1222 558 1273 pro
579 1205 793 1271 Αριςέας,
814 1205 892 1267 fi’d
908 1210 973 1251 ita
994 1216 1044 1251 vt
1065 1204 1285 1271 exsbptem
1314 1202 1620 1269 exemplaribus
1649 1216 1820 1249 tantum
1855 1205 1934 1248 duo
1956 1203 2060 1249 hanc
2083 1199 2201 1248 habe-

263 1291 375 1324 rent.
480 1272 902 1323 Animaduersiones
930 1274 977 1318 iu
1009 1288 1176 1317 nouem
1214 1270 1356 1318 libros
1376 1273 1692 1336 Geographiae
1711 1271 1939 1316 Strabonis
1969 1288 2024 1316 ex
2045 1285 2200 1315 manu-

262 1343 430 1410 scripto
455 1343 610 1390 codice
632 1341 842 1389 Mediceo
872 1339 1054 1386 exhibet
1081 1338 1320 1387 Abraamus
1342 1343 1582 1384 Gronouius
1614 1341 1661 1384 in
1689 1339 1824 1383 variis
1855 1337 2201 1399 Geographicis.

247 1413 411 1474 ssLugd.
432 1417 576 1459 Batav.
598 1425 739 1472 1739.
781 1416 823 1462 8.
859 1408 989 1453 editis
1013 1422 1112 1469 pag.
1145 1420 1247 1462 149.
1315 1401 1664 1450 Obseruationes
1694 1418 1840 1449 autem
1862 1405 1909 1448 in
1930 1402 2202 1449 Strabonem

262 1497 306 1528 et
339 1478 611 1542 Dionysium
637 1477 898 1536 Periegeten
926 1468 1094 1519 exstant
1124 1473 1173 1518 in
1203 1467 1439 1519 obseruatt.
1471 1468 1712 1520 miscellan.
1741 1472 1789 1518 in
1818 1468 2021 1518 auRores
2042 1485 2131 1518 vet.
2156 1472 2199 1517 et

260 1563 426 1603 recent.
462 1546 567 1593 V'ol.
592 1546 648 1593 ΙΙ.
682 1548 743 1591 Τ.
762 1545 793 1593 1.
826 1559 870 1607 p.
892 1557 926 1589 1.
947 1537 1043 1604 sqq.

401 1630 446 1661 2.
488 1612 704 1675 Dioryifins
723 1612 975 1670 Periegetes
996 1604 1250 1658 Strabonis,
1284 1619 1335 1652 vt
1365 1605 1571 1669 plerique
1591 1603 1671 1651 fibi
1691 1603 1968 1670 persuadent,
1989 1605 2199 1669 aequalis,

262 1696 314 1730 vt
333 1685 398 1730 H.
419 1679 662 1726 Dodwello
682 1675 936 1741 persuasum
970 1673 1024 1719 ad
1042 1670 1290 1734 Eliogabali
1322 1688 1507 1719 aetatem
1533 1672 1860 1727 detrudendus,
1884 1675 2008 1719 cuius
2029 1690 2202 1719 enarra-

262 1753 438 1796 tionem
459 1745 675 1793 habemus
695 1742 892 1790 versibus
913 1742 1184 1788 hexametris
1205 1739 1396 1803 pulchre
1416 1738 1681 1804 descriptam
1702 1757 1744 1786 et
1777 1741 1830 1787 ab
1858 1744 2013 1786 Auieno
2036 1755 2079 1785 et
2100 1744 2199 1786 Pri·
2223 1740 2227 1741 ⁷

253 1817 398 1879 seiano
419 1816 552 1861 latina
574 1809 836 1876 metaphrast
857 1810 1078 1870 donatam,
1114 1807 1166 1853 ab
1179 1808 1390 1870 Euflathio
1414 1823 1563 1854 autem
1586 1806 1776 1873 copiosis
1797 1806 2055 1853 illustratam
2080 1823 2201 1853 com-

265 1884 516 1935 mentariis,
557 1897 599 1928 et
623 1879 674 1926 ab
698 1880 783 1925 alio
803 1881 1015 1940 Aiioiiynzo
1030 1873 1226 1943 ‚scholiis
1255 1874 1467 1923 breuibus
1486 1878 1654 1937 graecis
1683 1892 1730 1922 ac
1747 1872 2000 1941 paraphrasi
2022 1872 2200 1938 expofi-
2222 1886 2225 1891 ·

263 1967 372 2000 tam.
451 1949 622 1997 Melior
650 1948 787 1995 editio
817 1944 1015 1992 Eduardi
1041 1948 1087 1989 T
1091 1945 1235 1989 waites
1251 1951 1270 1996 ,'
1290 1946 1464 1991 Oxonii
1501 1946 1642 2004 1697.
1686 1952 1728 1999 8.
1803 1941 2001 1988 Eduardi
2033 1941 2196 1996 Wells‚

274 2023 334 2067 16
353 2016 512 2066 tabulis
540 2016 851 2079 geographicis
872 2009 1093 2065 instruffit,
1130 2012 1304 2059 Oxonii
1332 2026 1470 2075 1704.
1507 2018 1550 2067 8.
1600 2025 1642 2057 et
1663 2013 1784 2056 Ioan.
1805 2005 2019 2075 Hudsoni
2038 2013 2196 2055 Tomo

265 2101 424 2152 quarto
444 2084 761 2148 Geographor.
787 2083 954 2128 minor.
978 2080 1152 2127 Oxonii
1183 2092 1322 2138 1712.
1359 2088 1401 2136 8.
1439 2079 1517 2142 qui
1546 2077 1868 2142 Nicephorum
1898 2077 2197 2124 Blemmidam

263 2155 355 2202 siue
375 2157 628 2214 Gregoram
649 2153 696 2197 in
715 2147 985 2212 Dionysium
1005 2148 1064 2193 ait
1083 2144 1126 2194 se
1147 2144 1358 2200 omisisse,
1395 2144 1518 2210 quod
1550 2147 1585 2192 is
1607 2161 1780 2191 tantum
1803 2162 1858 2192 ex
1887 2146 2092 2191 oratione
2115 2143 2197 2190 bo-

266 2239 322 2271 na
340 2222 469 2284 ligata
488 2218 594 2267 fecit
614 2217 798 2264 solutam
820 2233 913 2263 non
933 2214 1113 2262 bonam.
1215 2214 1538 2279 Nicephorum
1571 2212 1891 2278 presbyterum
1918 2226 2050 2258 vocat
2082 2215 2196 2258 Can-

266 2292 364 2353 gius
385 2292 433 2336 in
451 2285 657 2352 glossario
676 2302 848 2349 graeco.
916 2283 1310 2330 Commentarium
1330 2281 1549 2328 ineditum
1580 2284 1627 2327 in
1656 2279 1951 2345 Dionysium,
1988 2279 2068 2342 qui
2095 2282 2193 2334 MS,

266 2357 353 2405 fuit
376 2356 495 2421 apud
514 2356 781 2403 Bochartum
796 2388 805 2406 ,
841 2352 987 2398 laudat
1007 2351 1242 2412 Menagius
1262 2367 1305 2415 p.
1327 2363 1384 2411 41
1401 2364 1440 2406 5.
1472 2349 1526 2394 ad
1545 2351 1787 2396 Laertium.
1888 2345 2037 2393 Exstat
2058 2347 2195 2394 etiam

266 2424 510 2488 Dionysius
531 2440 634 2470 cum
656 2419 834 2481 scholiis
847 2420 1028 2467 Graecis
1044 2419 1095 2463 'in
1115 2417 1269 2464 codice
1287 2414 1572 2479 bombycino
1595 2413 1761 2480 scripto
1783 2420 1837 2462 A.
1857 2416 1909 2462 C.
1931 2429 2071 2474 1344.
2092 2414 2194 2460 Flo-

269 2496 434 2538 rentiae
456 2495 500 2539 in
522 2491 795 2538 bibliotheca
813 2488 1043 2534 S.·Mariae
1063 2482 1471 2537 Benedistinorum,
1496 2483 1601 2531 teste
1621 2480 1954 2530 Montfaucono
1985 2498 2087 2545 pag.
2108 2496 2190 2540 70.
2261 2490 2263 2494 ⁴

269 2559 635 2623 Palaeographiae
663 2572 854 2620 graecae.
921 2556 961 2601 A
993 2552 1229 2600 Ludouico
1251 2553 1439 2599 Seruino
1460 2550 1703 2598 Parisiensis
1720 2550 1987 2598 Parlamenti
2008 2548 2193 2594 aduoca-

271 2641 316 2672 to
340 2625 472 2670 latine
490 2624 667 2671 versum
689 2621 960 2687 Dionysium
981 2621 1038 2667 de
1057 2619 1138 2666 situ
1163 2619 1285 2666 orbis
1305 2617 1456 2666 scribit
1477 2623 1511 2666 F
1514 2637 1631 2666 ranc-
1659 2618 1978 2665 Crucemanius
1999 2616 2047 2661 in
2073 2613 2188 2662 Bibl.

272 2692 388 2741 Gall.
408 2709 450 2754 p.
473 2705 588 2752 497.
624 2689 697 2736 sed
716 2706 956 2754 perperam
975 2685 1195 2752 Dionysio
1217 2703 1407 2752 quatuor
1438 2686 1580 2734 libros
1597 2684 1765 2732 tribuit.
1843 2684 2030 2731 Fallitur
2058 2683 2191 2728 etiam
2258 2694 2260 2715 ³

272 2760 516 2812 Berkelius,
552 2758 630 2820 qui
649 2757 702 2802 ad
721 2751 997 2820 Stephanum
1015 2761 1199 2822 Byzant.
1220 2757 1268 2804 in
1290 2754 1450 2822 Ιβηςίοι
1473 2768 1598 2804 notat
1621 2750 1801 2803 versum
1822 2751 1981 2819 ἀγχοῦ
2011 2746 2189 2807 ςηλοὶων
2256 2769 2259 2816 ἢ

2037 2835 2190 2882 μηνοε-
2256 2840 2257 2843 ’
