2263 3027
226 129 322 185 498
551 119 703 173 CAP.
739 119 824 171 X1.
891 117 1281 173 SACR1F1C1A
1357 120 1862 176 ETHNICORVM.

228 248 282 293 in
294 248 338 294 S.
361 245 528 292 Codice
555 241 714 292 frustra
736 242 952 309 quaesitis.
974 245 1147 311 Lipsiae
1177 261 1315 309 1739·
1351 250 1422 294 De
1446 243 1668 294 sacrificiis
1687 251 2023 295 Germanorum
2051 262 2161 309 gen·

226 313 374 372 tilium
395 314 718 360 auerruncandi
744 312 898 360 incubi
923 312 1060 361 caussa
1081 313 1208 362 factis
1236 316 1340 362 vide
1360 316 1532 378 Godofr.
1554 316 1748 362 Schiitzii
1764 317 1957 362 Exercit.
1983 314 2036 360 ad
2049 318 2163 362 Ger-

225 383 418 428 maniam
439 377 602 427 sacram
626 382 777 443 gentil.
800 378 1060 429 facientium
1081 383 1300 430 vltimam.
1359 386 1430 429 De
1453 381 1675 430 sacrificiis
1709 386 1912 445 gentium
1938 383 2167 430 America-

226 466 385 496 narum
407 449 728 496 Bibliothecam
750 451 1008 497 Francicam
1035 451 1374 515 (Bibliotheque
1393 448 1646 513 Frangoise)
1667 455 1724 500 T.
1747 468 1784 509 4.
1797 468 1898 517 pag.
1920 467 1937 501 1
1955 456 2013 499 16
2039 446 2102 515 sq.
2123 464 2164 497 et

226 515 478 566 Lafitauum
502 521 560 566 T.
581 533 619 569 1.
644 535 687 583 p.
710 533 799 579 179
826 515 918 582 sqq.

361 588 402 627 V
418 588 433 630 Ι
448 588 465 630 Ι
480 587 513 633 1.
589 589 641 632 In
665 585 849 632 diuerlis
871 583 1016 644 sacris,
1038 584 1220 632 diuersis
1232 586 1343 638 Diis,
1367 585 1538 634 diuersa
1549 604 1730 651 quoque
1749 582 2000 648 suffimigia‚
2021 585 2166 632 diuer-

226 650 294 699 sae
314 651 547 707 vifflmae,
572 670 792 711 coronae,
823 656 1132 707 caerimoniae,
1156 654 1276 715 ligna
1305 653 1477 702 diuersa
1500 655 1820 702 comburendis
1841 651 2079 711 sacrificiis,
2105 652 2167 698 di-

226 718 376 767 uersae
396 738 532 785 aquae
555 737 637 771 etc.
663 722 1012 775 adhibebantur,
1045 723 1097 768 de
1120 721 1283 785 quibus
1303 724 1544 770 Kircherus
1568 727 1708 771 Tom.
1744 738 1782 770 1.
1804 722 1973 786 Oedipi
1998 738 2040 785 p.
2068 734 2165 780 232

225 786 288 851 sq.
315 804 356 835 et
376 793 512 835 Tom.
530 804 571 839 2.
595 806 708 854 part.
735 807 774 835 2.
798 807 843 855 p.
862 801 951 850 538
967 787 1028 853 sq.
1069 793 1134 836 Ex
1158 789 1423 837 animalibus
1447 809 1664 855 quaenam
1694 790 1857 855 quibus
1878 791 1976 836 Diis
2009 785 2166 835 sacrifi-

227 871 318 903 cata
337 853 508 903 fuerint
537 858 661 919 (nam
695 858 859 904 laribus
879 860 1011 904 thure
1029 874 1198 904 tantum
1220 873 1262 904 et
1284 860 1395 904 vino
1417 860 1611 911 litabant,
1646 874 1696 905 vt
1717 873 1893 924 praeter
1914 857 2023 903 alios
2045 868 2167 902 notat

227 925 371 971 Cerda
394 924 447 972 ad
474 926 657 987 Virgilii
678 926 863 987 Eclogas
885 943 981 990 pag.
999 929 1069 986 ς.)
1093 941 1143 971 vt
1162 941 1303 986 gratas
1330 925 1490 972 hostias
1513 932 1529 967 3
1557 925 1853 989 vifilimasque
1882 922 2169 990 praeberent,

225 989 510 1057 persequitur
531 1009 705 1057 praeter
728 994 919 1039 eundem
946 996 1214 1040 Kircherum
1236 997 1295 1041 T.
1317 1008 1353 1039 1.
1379 1012 1424 1058 p.
1442 1004 1533 1055 238
1551 992 1611 1057 sq.
1650 995 1823 1041 Ioannes
1850 997 2016 1039 Textor
2033 994 2081 1038 in
2105 986 2172 1037 of·

225 1058 358 1107 ficina
378 1076 472 1124 pag.
511 1074 568 1120 57
590 1059 674 1123 seq.
712 1062 948 1107 Alexander
969 1060 1019 1105 ab
1041 1060 1286 1106 Alexandro
1300 1063 1396 1119 III,
1425 1077 1498 1108 12.
1534 1065 1738 1107 Antonius
1770 1062 1921 1106 Clarus
1941 1061 2097 1106 Siluius
2116 1057 2172 1105 ad

227 1128 347 1188 leges
368 1130 510 1189 regias
533 1144 574 1174 et
599 1132 696 1178 XII.
720 1127 967 1173 tabularum
994 1144 1038 1192 p.
1065 1143 1128 1186 99
1161 1128 1213 1173 ad
1243 1142 1349 1190 103.
1386 1126 1622 1174 Saubertus
1643 1145 1735 1192 cap.
1762 1142 1822 1176 22
1846 1125 1934 1191 seq.
1966 1128 2022 1174 de
2046 1125 2172 1172 sacri-

227 1193 352 1248 ficiis,
375 1199 484 1241 Ioan.
507 1199 706 1242 Possem
726 1212 770 1258 p.
799 1214 815 1240 1
831 1212 893 1255 24
905 1192 967 1259 sq.
982 1196 1034 1241 ad
1058 1196 1433 1260 Lycophronem.
1471 1203 1589 1243 Aues
1609 1198 1707 1242 Diis
1729 1193 1866 1243 sacras
1886 1193 2027 1242 refert
2047 1196 2170 1241 idem

228 1267 405 1310 Textor
426 1281 471 1326 p.
488 1270 547 1317 28
565 1279 574 1308 ι
595 1259 683 1326 seq,
705 1278 749 1308 et
770 1264 994 1310 Animalia
1015 1261 1280 1328 inauspicata
1299 1280 1342 1327 p.
1368 1277 1478 1325 279.
1519 1263 1697 1327 Qubus
1726 1263 1992 1310 animalibus
2010 1261 2172 1324 singuli

227 1332 306 1377 Dii
325 1331 398 1376 vel
420 1334 539 1377 Deae
560 1332 776 1378 vehentes
797 1332 1028 1385 ducantur,
1054 1332 1172 1378 idem
1187 1347 1321 1396 p.70.
1344 1347 1386 1377 et
1408 1332 1521 1379 Beda
1543 1336 1599 1378 T.
1621 1335 1797 1397 1.Opp.
1821 1348 1918 1396 pag.
1936 1339 2047 1396 369.
2070 1331 2172 1376 licet

227 1399 310 1446 hac
332 1416 377 1445 tn
402 1414 527 1463 parte
551 1415 643 1445 non
670 1397 845 1464 semper
863 1400 1134 1464 Mythologi
1153 1398 1233 1446 fibi
1258 1416 1339 1445 nec
1352 1403 1509 1447 Poetae
1533 1398 1747 1446 constent.
1817 1402 1886 1447 De
1907 1396 2172 1445 animalibus

228 1483 341 1530 quae
363 1468 462 1513 Diis
485 1467 667 1520 deuota,
698 1465 868 1531 ἄφετοι
893 1484 937 1515 et
956 1485 1067 1530 vaga
1086 1467 1177 1514 fine
1197 1466 1377 1515 custode
1401 1467 1764 1526 dimittebantur,
1797 1482 1974 1532 praeter
1991 1469 2172 1513 Petrum

233 1534 478 1583 Vic't'orium
499 1538 708 1590 XXVIII,
734 1550 812 1599 24.
839 1540 941 1583 Var.
973 1534 1096 1585 Legi.
1129 1553 1171 1583 et
1193 1535 1478 1598 casaubonum
1496 1537 1550 1583 ad
1570 1537 1876 1590 Athenaeum,
1906 1535 1990 1583 Iac.
2018 1532 2172 1579 Guthe-

227 1607 323 1649 rius
348 1606 429 1661 111,
457 1618 474 1651 1
489 1617 527 1662 3.
550 1603 604 1649 de
628 1606 769 1650 veteri
790 1606 886 1651 iure
906 1603 1144 1651 Pontificio
1174 1608 1232 1650 T.
1255 1607 1309 1650 V.
1332 1607 1500 1654 Graev.
1550 1605 1696 1652 Morti
1718 1620 1760 1651 et
1788 1601 1920 1650 furiis
1940 1600 2055 1648 sacra
2080 1602 2171 1647 ani-

229 1670 361 1716 malia
382 1671 488 1717 vide
509 1671 625 1735 apud
650 1669 852 1718 Voffium
877 1671 954 1718 lib.
978 1689 1022 1730 9.
1044 1672 1099 1718 de
1121 1672 1325 1721 ldololat.
1347 1690 1440 1738 cap.
1468 1688 1540 1733 39.
1579 1670 1760 1719 Constat
1789 1687 1937 1718 autem
1966 1669 2172 1716 animalia

231 1741 331 1784 Diis
351 1736 585 1785 sacrificata
605 1736 757 1794 fuisse,
789 1740 861 1786 vel
889 1741 1012 1804 quod
1045 1740 1133 1787 illis
1156 1738 1294 1785 inuisa
1317 1741 1620 1784 iudicarentur
1641 1754 1692 1783 vt
1714 1739 1867 1784 Cereri
1888 1753 2048 1801 porca,
2076 1738 2171 1782 He-

231 1820 348 1851 catae
371 1808 510 1851 canis:
536 1807 607 1852 vel
633 1809 847 1870 qnoniam
873 1808 963 1854 illis
983 1822 1249 1873 putarentur
1272 1807 1350 1851 Dii
1372 1806 1520 1851 laetari
1553 1820 1595 1851 et
1618 1802 1826 1851 delessari
1842 1839 1852 1858 ‚
1877 1819 1929 1850 vt
1961 1819 2101 1850 coruo
2126 1809 2171 1849 et

233 1889 384 1935 cygno
409 1873 578 1937 Apollo
602 1876 674 1920 vel
698 1874 757 1922 ob
781 1876 1138 1939 qualemcunque
1158 1876 1276 1920 inter
1299 1876 1420 1919 Deos
1441 1888 1484 1919 et
1505 1871 1708 1919 vissinias
1739 1873 2101 1918 conuenientiam
2122 1886 2171 1917 ac

230 1938 584 1988 fimilisudinem.
652 1943 721 1988 Sic
750 1941 908 1989 inferis
931 1944 1030 1988 Diis
1061 1958 1104 1990 et
1128 1940 1340 1988 Manibus
1372 1937 1679 1987 offerebantur
1708 1939 1874 1987 hostiae
1904 1937 2052 2004 ἄγονοι
2081 1936 2169 1985 flue

232 2005 415 2066 steriles,
437 2024 608 2073 pronae
628 2024 669 2053 et
692 2011 843 2070 nigrae
863 2009 952 2056 siue
972 2007 1149 2055 furuae:
1187 2005 1360 2054 Confer
1381 2006 1610 2054 Zosimum
1636 2011 1693 2061 ΙΙ,
1724 2025 1762 2067 3.
1786 2011 1845 2067 §5
1865 2023 1908 2054 et
1922 2015 1966 2054 6.
1985 2007 2169 2071 Stepha-

231 2077 359 2123 nium
381 2091 424 2140 p.
447 2091 522 2134 54.
543 2076 597 2122 ad
615 2079 836 2123 Saxonem
861 2079 1217 2123 Grammaticum
1237 2091 1280 2122 et
1300 2077 1575 2122 Gutherium
1602 2080 1680 2132 IV,
1703 2083 1744 2132 8.
1764 2075 1842 2122 vbi
1865 2075 1920 2122 de
1944 2072 2074 2122 sacris
2094 2077 2166 2120 In-

148 2192 157 2206 s
229 2141 460 2191 ferorum:
478 2141 649 2207 superis
668 2160 822 2191 contra
845 2160 886 2190 et
901 2143 1032 2190 bonis
1046 2146 1142 2190 Diis
1161 2142 1295 2197 albae,
1319 2141 1577 2198 foecundae,
1599 2144 1764 2209 ἔνορχοι
1785 2142 1829 2191 et
1849 2152 2172 2208 τετραχηλισ·

231 2214 358 2275 μένω
378 2209 466 2258 fiue
487 2211 671 2258 obtorto
696 2210 848 2259 versus
885 2212 1053 2258 caelum
1079 2212 1212 2260 collo,
1281 2212 1430 2258 Rheae
1452 2211 1540 2258 fiue
1562 2213 1778 2276 Cybelae,
1809 2215 2011 2258 Deorum
2036 2212 2170 2257 matri

228 2282 422 2346 proprio
443 2277 654 2341 sanguine
675 2279 855 2326 litabant
874 2277 1133 2327 sacerdotes.
1169 2280 1337 2326 Rhodii
1361 2280 1596 2344 quadrigas
1615 2280 1708 2327 Soli
1735 2275 2004 2326 consecratas
2035 2275 2164 2342 quot·

229 2350 370 2402 annis,
400 2347 551 2412 Illyrii·
576 2363 815 2412 quaternos
838 2365 977 2411 equos
1000 2364 1123 2394 nouo
1158 2364 1339 2411 quoque
1361 2366 1477 2394 anno
1513 2351 1559 2395 in
1580 2349 1790 2413 Neptuni
1819 2348 2004 2408 gratiam
2040 2348 2165 2393 iacie-
2197 2354 2203 2356 ’

231 2416 337 2464 bant
355 2417 402 2462 in
427 2432 563 2464 mare.
643 2416 760 2463 Vide
782 2416 935 2478 Festum
959 2418 1003 2461 in
1025 2418 1242 2480 Hippius,
1264 2431 1307 2463 et
1325 2417 1379 2463 de
1401 2417 1667 2463 Mithridate
1691 2415 1925 2480 quadrigas
1955 2414 2164 2461 alborum

233 2498 453 2548 equorum
475 2485 522 2530 in
541 2483 678 2530 altum
704 2484 992 2546 demergente
1014 2488 1273 2548 Appianum
1296 2485 1591 2532 Mithridatic.
1616 2481 1645 2531 f.
1660 2491 1767 2539 218.

398 2552 568 2599 Plantas
601 2554 699 2599 Diis
731 2549 911 2599 sacratas
942 2551 1191 2615 herbasque
1222 2567 1264 2599 et
1294 2552 1476 2599 arbores
1506 2551 1785 2617 persequitur
1803 2552 1936 2596 Poeta
1965 2553 2162 2598 Graecus

232 2619 504 2681 Anonymus
529 2621 687 2684 (Rzfits
705 2621 893 2689 Ephcfius
915 2622 961 2667 ni
984 2617 1129 2677 fallor,
1150 2620 1252 2668 licet
1272 2621 1578 2687 Pamphilium
1599 2621 1723 2669 Alex.
1748 2618 1954 2666 maluerit
1975 2619 2164 2666 Lambe-

2070 2703 2164 2733 ctus

233 2848 266 2882 u
283 2788 304 2816 ³
318 2781 467 2848 ‘Hostia
489 2783 588 2825 diua
610 2785 658 2826 de
680 2788 890 2833 minoribus
912 2791 1155 2839 animalibus,
1176 2802 1215 2834 vt
1233 2791 1375 2835 ouibus
1400 2802 1440 2833 et
1459 2789 1687 2841 volucribus,
1703 2788 1857 2831 viflima
1879 2787 1925 2830 de
1945 2789 2105 2844 magnis,
2125 2797 2165 2847 vt

270 2852 359 2883 uns.
