2263 3027
394 46 416 58 Χ

258 114 1155 179 ΝνΝυῐΝΑΕ,-Αν<;τιοΝΕε,
1190 114 1522 169 TABVLAE-
1554 116 1826 187 NOVAE.
1928 125 2035 181 7812

88 257 184 294 tum
211 233 530 310 septedecim
553 245 729 292 dierum
749 239 983 290 conficere.
1052 244 1122 288 De
1144 242 1367 290 mercibus
1389 245 1582 289 Romam
1609 241 1812 304 vndique
1836 238 2030 287 adueffis

86 316 177 376 agit
203 315 455 375 Bergierius
495 311 570 360 lib.
593 329 638 376 4.
671 312 728 360 de
746 312 833 357 viis
869 309 1052 374 imperii
1083 313 1260 357 romani
1280 328 1375 375 cap.
1400 325 1476 374 33.
1498 319 1610 359 tom.
1635 324 1706 359 10.
1729 312 1892 357 Graev.
1960 311 2032 354 De

86 379 308 429 hastarum
335 396 378 428 et
398 378 655 427 auffionum
677 379 852 441 orig-ine
874 394 921 424 ac
942 379 1031 424 ritu
1053 376 1587 426 consulendi‘Alexander
1613 375 1667 423 ab
1687 377 1814 424 Alex.
1839 377 1921 425 ΙΙΙ.
1959 384 2031 425 16.

85 448 272 496 Fuluius
287 446 474 497 Vrsinus
494 449 548 495 ad
571 444 797 495 Caesarem
821 462 921 510 pag.
950 453 1025 506 87.
1048 444 1146 509 post
1166 443 1415 508 fragmenta
1435 444 1787 499 Historicmum,
1815 459 1858 491 et
1877 445 2032 490 Iunius

87 515 293 563 Rabirius
327 517 451 562 cuius
482 515 594 562 liber
617 532 671 561 ex
705 515 809 561 edit.
841 511 1063 560 Parifienfi
1095 519 1144 559 A.
1171 528 1310 574 1554.
1332 529 1378 575 4.
1408 511 1595 559 insertus
1618 509 1678 559 est
1714 528 1841 558 tomo
1869 528 1908 574 3.
1938 512 2033 557 the·

50 627 52 629 .
86 580 201 629 sauri
225 584 478 635 Graeuiani.
547 584 667 628 Nam
691 585 758 628 M.
784 587 838 628 A.
864 580 1099 627 Brunellus
1118 579 1262 633 libro,
1300 582 1482 627 tertium
1507 583 1593 626 iam
1626 579 1783 641 gallice
1822 580 1942 626 edito
1977 578 2042 627 de.

87 652 175 698 hoc
203 665 467 713 argumento
488 647 617 696 Paris.
643 665 784 711 1704.
819 653 1020 695 Nouveau
1056 650 1193 694 traitc‘
1214 650 1286 693 des
1315 650 1472 703 Crie‘es,
1515 649 1734 694 hodierna
1765 645 2028 694 auffionum

34 748 43 751 ν’
90 719 186 764 iura
208 715 443 782 vsutnque,
463 719 511 763 in
533 717 679 773 Gallia
697 713 977 781 praesertim,
1007 713 1301 780 persequitur.
1377 716 1503 762 Idem
1526 716 1813 763 Ludouicum
1835 713 2033 762 Postium

89 782 288 848 aliosque
308 786 479 846 allegat.
548 783 683 831 Postii
703 785 759 830 de
780 781 1106 830 subhastatione
1127 782 1241 829 liber
1276 783 1448 847 prodiit
1473 787 1659 831 Genuae
1689 788 1830 839 1646.
1857 786 2030 838 Genev.

28 884 31 885 ν
93 856 237 911 1670.
305 856 374 899 De
396 868 524 899 more
555 854 699 899 veteri
728 867 817 915 quo
839 852 928 897 viri
961 849 1135 898 nobiles
1164 868 1247 915 per
1271 850 1431 903 vrbem
1461 852 1719 898 incedentes
1742 867 1837 896 non
1858 848 1936 914 ipfi
1957 846 2034 914 Pe·

88 922 240 966 eunias
259 916 406 967 secum
434 919 693 982 gestabant.
713 917 788 967 sed
810 915 1079 985 pedissequis
1101 919 1189 964 hoc
1211 917 1574 976 committebant,
1594 919 1701 964 vide
1723 915 2034 964 Casaubonum

52 998 59 1003 ‘
87 988 142 1034 ad
167 982 346 1051 Apuleii
375 987 631 1052 apologiam
663 1004 763 1052 pag.
802 1003 910 1049 155.
976 990 1055 1033 De
1076 983 1201 1032 furto
1230 1002 1314 1050 per
1346 986 1518 1032 lancem
1553 1000 1595 1031 et
1626 985 1782 1031 licium
1813 999 2033 1048 concepto

89 1057 213 1101 cuius
247 1055 365 1119 apud
397 1056 598 1102 Gellium
635 1058 708 1101 XI.
739 1064 824 1111 ¹8·'
854 1057 973 1101 XVI.
1005 1069 1076 1102 10.
1107 1069 1152 1101 et
1180 1054 1299 1118 apud
1319 1052 1499 1100 Festum
1532 1055 1731 1108 mentio,
1767 1049 2036 1099 consulenda

87 1120 234 1174 Marci
253 1124 377 1169 Tatii
399 1123 556 1188 Alpini
586 1121 771 1188 epistola
800 1123 854 1169 ad
877 1122 1176 1169 Wilhelmum
1203 1125 1489 1184 Hungeruin.
1561 1123 1801 1169 Pecuniam
1825 1137 1880 1167 ex
1904 1118 2036 1166 rebus

86 1189 285 1236 venditis
310 1192 355 1236 in
379 1207 429 1237 os
454 1206 496 1238 et
516 1191 700 1250 buccam
721 1191 966 1254 colligendi
989 1207 1090 1236 mos
1111 1191 1354 1247 hominum
1375 1189 1536 1236 vilium
1569 1205 1613 1238 et
1632 1190 1688 1236 de
1712 1187 1846 1254 plebe
1867 1185 2037 1242 infima,

88 1272 139 1303 vt
173 1271 297 1303 notat
329 1255 612 1305 Casaubonus
647 1276 746 1323 pag.
768 1274 864 1319 219
886 1255 947 1322 sq.
983 1258 1037 1305 ad
1070 1251 1468 1322 Theophrastum,
1504 1255 1585 1304 vbi
1614 1260 1746 1304 etiam
1780 1274 1834 1303 ex
1867 1256 2036 1308 Plauto,

91 1324 215 1388 quod
255 1341 488 1371 crumenas
517 1327 635 1389 apud
656 1330 884 1371 Romanos
917 1326 1034 1371 collo
1063 1322 1275 1388 appensas
1301 1323 1523 1370 habebant
1555 1326 1767 1371 homines
1803 1320 2036 1371 eiusmodi.

98 1389 280 1438 Tabulae
302 1407 433 1438 nouae
453 1391 814 1462 appellabantur,
843 1391 1025 1455 'quando
1056 1408 1212 1455 magna
1233 1391 1508 1439 creditorum
1529 1393 1696 1438 iniuria
1719 1406 1792 1438 aut
1811 1389 1949 1437 fimul
1978 1387 2038 1438 se-

94 1457 275 1521 meique
295 1460 449 1506 omnia
466 1475 648 1509 eatenus
669 1457 891 1507 contraPta
909 1458 1057 1506 debita
1077 1458 1451 1524 expungebantur
1474 1457 1857 1524 abolebanturque
1877 1476 1924 1506 ac
1947 1473 2034 1525 pro

91 1522 247 1571 solutis
270 1524 570 1580 habebantur,
607 1543 679 1574 aut
700 1544 801 1592 pars
830 1527 885 1574 de
915 1524 1088 1573 summa
1119 1526 1391 1573 demebatur.
1461 1529 1603 1591 Χρεῶν
1634 1525 1884 1581 οἱποκοποὶς
1904 1539 2036 1574 vocat

91 1592 326 1639 Diodorus
345 1595 516 1642 Siculus
541 1593 615 1643 lib.
643 1610 713 1651 19.
746 1610 874 1642 tomo
900 1611 947 1643 2.
967 1611 1066 1660 pag.
1093 1601 1203 1653 658.
1272 1591 1446 1642 Confer
1471 1598 1536 1641 Io,
1557 1592 1759 1642 Scheferi
1783 1598 2037 1661 Agrippam

94 1658 380 1707 liberatorem
401 1660 491 1709 {iue
513 1661 747 1709 diatribam
770 1663 826 1709 de
857 1663 989 1708 nouis
1008 1660 1192 1715 tabulis,
1229 1667 1470 1724 Argentor.
1497 1670 1588 1720 164
1596 1677 1636 1723 5.
1669 1679 1736 1709 ια.
1763 1677 1808 1710 et
1831 1680 1934 1710 cum
1960 1661 2037 1709 ob-

94 1725 418 1774 seruationibus
454 1733 520 1778 Io,
544 1730 723 1776 Christi.
746 1728 1033 1777 Leuschneri.
1070 1731 1238 1790 Liguit.
1266 1746 1310 1776 et
1344 1728 1515 1794 Lipsiae
1544 1743 1686 1789 1752.
1711 1737 1750 1785 8.
1784 1744 1827 1776 et
1858 1746 1968 1777 tom.
1993 1736 2037 1785 8,

94 1797 301 1851 Graeuii3
337 1812 384 1842 ac
406 1795 589 1843 Fabiani
605 1799 831 1844 Toerneri
851 1795 1056 1861 disputat.
1082 1797 1136 1843 de
1160 1798 1291 1843 nouis
1311 1797 1482 1848 tabulis,
1506 1795 1653 1862 Vpsal.
1681 1791 1822 1860 1727.
1851 1807 1892 1849 8.
1965 1801 2036 1844 De

30 1890 32 1892 -
94 1862 192 1908 iure
216 1861 492 1911 debitoresfi
516 1862 733 1911 soluendo
764 1881 858 1911 non
891 1862 1027 1912 essent
1060 1865 1291 1911 vendendi
1321 1866 1396 1912 vel
1434 1867 1481 1911 in
1512 1881 1660 1930 partes
1695 1863 1892 1920 secandi,
1931 1865 2038 1912 vide

95 1944 274 1994 praeter
333 1929 536 1980 auOcores
586 1930 716 1997 supra
766 1950 866 1998 pag.
896 1947 1007 1994 757.
1045 1933 1207 1979 citatos
1225 1933 1480 1980 Salmafium
1503 1935 1557 1980 de
1583 1930 1724 1979 vsuris
1745 1950 1844 1997 pag.
1865 1930 2037 1997 544sq.

95 2011 140 2043 et
168 2001 382 2045 Ioannem
409 2001 665 2047 Nicolaide
684 2001 909 2063 Synedrio
935 2002 1202 2065 Aegyptior.
1221 2000 1320 2064 pag.
1344 2015 1454 2062 227.
1490 2003 1568 2068 qui
1598 2003 1731 2050 etiam
1756 2001 1866 2049 alios
1888 2018 2037 2049 mores

96 2066 349 2121 annotauit,
385 2066 546 2129 quibus
566 2068 676 2115 olim
699 2085 802 2115 cum
821 2067 1029 2116 obaerato
1049 2083 1267 2132 ageretur.

231 2202 357 2248 VIII.
394 2201 518 2264 Qid
552 2202 764 2266 impedit,
806 2220 895 2267 quo
925 2204 1075 2251 minus
1102 2206 1191 2252 hoc
1222 2189 1351 2261 loc0‚
1391 2220 1492 2256 eos,
1527 2203 1606 2266 qui
1635 2217 1947 2266 argumentum
1982 2203 2038 2251 de

30 2316 33 2317 ⁷
94 2266 381 2314 'commerciis
404 2287 450 2315 ac
474 2270 755 2330 nauigatione
777 2287 984 2318 veterum
1005 2271 1279 2318 illustrarunt
1299 2307 1309 2326 ‚
1344 2267 1666 2317 recenseamus.
1741 2276 1810 2318 De
1832 2288 1922 2334 quo
1941 2273 2036 2333 qui⁴=

11 2628 48 2640 Q

95 2333 201 2380 >dem
227 2339 476 2398 generatim
501 2334 747 2400 exposuere
775 2338 933 2386 Blafius
955 2339 1260 2403 Caryophilus
1282 2339 1328 2383 in
1353 2338 1661 2384 lucubratione
1692 2339 1746 2385 de
1776 2340 2036 2385 mercaturis

97 2404 409 2468 antiquorum,
465 2421 575 2468 quae
612 2404 746 2469 exstat
781 2422 907 2470 parte
935 2409 1096 2470 prima⁴
1118 2403 1474 2453 dissertationum
1506 2407 1599 2451 eius
1643 2404 2038 2460 miscell-aucarum,

97 2470 267 2517 Romae
298 2478 436 2529 1718.
459 2489 504 2536 4.
528 2472 847 2533 euulgatarum.
918 2478 1073 2522 Petrus
1102 2475 1263 2520 Daniel
1285 2470 1481 2520 Huetius
1504 2474 1550 2519 in
1569 2471 1752 2520 historia
1774 2476 2039 2523 commercii

98 2549 143 2583 et
163 2541 458 2601 nauigationis
488 2555 716 2594 veterum,
750 2558 881 2606 quam
905 2541 1105 2589 Colberti
1129 2538 1252 2588 suasu
1274 2541 1431 2603 gallice
1455 2538 1713 2605 conscripfit
1735 2557 1865 2606 atque
1888 2541 2038 2594 oc'vovv‘-

98 2625 193 2666 μως
215 2607 356 2653 edidit
367 2607 534 2655 Parifiis
552 2618 691 2668 1716.
710 2623 781 2659 12.
852 2607 1024 2656 Augior
1045 2615 1334 2674 Anonymus,
1355 2611 1433 2672 qui
1456 2609 1612 2674 gallice
1636 2610 1798 2658 edidit:
1836 2612 2038 2661 Histoire

0 2699 2 2736 ζ
35 2724 37 2726 ,
90 2675 306 2732 'generale
328 2674 382 2722 de
404 2677 442 2722 la
462 2681 655 2730 marine,
697 2692 937 2724 contenant
958 2675 1038 2726 son
1059 2679 1234 2739 origine
1259 2678 1367 2723 chez
1397 2692 1497 2723 tous
1520 2677 1582 2723 les
1605 2679 1792 2744 peuples
1825 2681 1885 2727 (lu
1910 2698 2040 2728 mon·

102 2736 281 2852 de‚Vst}.s'
300 2743 514 2807 progres,
549 2742 631 2792 son
653 2743 739 2794 etat
769 2743 940 2809 astuel‚
979 2761 1023 2794 et
1050 2746 1114 2794 les
1146 2744 1432 2810 expeditioris
1463 2747 1710 2796 maritimes
1737 2751 1976 2797 anciennes
1997 2765 2039 2797 et

215 2822 242 2853 o
264 2842 272 2852 .
296 2823 353 2856 2.
1225 2816 1268 2860 V
1789 2838 1791 2840 ·
1932 2834 2037 2867 mo-
