2263 3027
165 46 289 96 1018
496 38 647 91 CAP.
679 37 842 99 xxii.
906 36 1665 104 COLLEGIAAOMFICVM,
1701 58 1795 96 etc.

157 165 288 212 Ienae
314 169 453 222 1688.
486 179 529 212 et
560 181 664 212 cum
693 166 812 212 notis
846 164 968 212 Frid.
994 165 1336 215 Gottl.-Struuii
1364 184 1411 216 ac
1450 166 1740 233 praefatione.
1763 173 1884 218 Ioan.
1906 173 2027 223 Gutil.
2050 173 2107 222 de

156 230 355 289 Goebel‚
395 232 639 285 Helmstad.
668 247 806 292 1727.
821 250 863 293 4.
922 236 1046 280 Ioan.
1070 236 1211 282 Gottl.
1245 237 1517 284 Heineccius
1539 238 1594 284 de
1615 239 1817 302 collegiis
1836 253 1879 286 et
1905 243 2105 305 corpori-

154 298 239 348 bus
259 299 502 355 ardficum,
530 301 672 348 Halae
698 316 837 363 1723.
861 317 907 363 4.
945 317 987 348 er
1009 304 1054 348 in
1079 304 1173 350 eius
1202 301 1376 367 sylloge
1397 307 1559 351 varior.
1582 304 1901 370 opusculorum
1924 325 1967 372 p.
1992 315 2106 369 378.

155 365 250 432 sqq.
288 372 407 416 Ioan.
428 366 642 417 Filesacus
664 367 911 425 eleetorum
933 369 1010 418 lib.
1031 387 1072 420 2.
1096 387 1138 434 p.
1158 387 1215 431 39
1231 389 1264 420 ι.
1284 370 1376 436 sqq,
1419 372 1580 421 Christ.
1600 375 1743 423 Gottl.
1764 376 2036 422 Schwarzius
2057 378 2106 423 in

156 434 361 484 dissertat.
387 437 440 484 de
460 437 654 499 collegio
676 437 1077 494 Vtriculariorum‚
1103 437 1282 486 Altorfii
1310 455 1447 502 1714.
1469 457 1511 488 et
1535 444 1581 488 in
1602 443 1695 489 eius
1717 439 2006 492 miscellaneis
2026 459 2106 507 po-

152 503 316 550 litioris
334 505 623 558 humanitatis
643 523 686 570 p.
702 522 776 567 27.
787 503 880 570 sqq.
950 507 1077 554 Idem
1098 508 1145 553 in
1177 505 1478 555 differtatione
1504 510 1560 556 de
1592 509 1918 572 Butigularibus
1938 512 2104 575 praeci·

150 587 239 636 pue
263 573 342 631 iis,
379 575 457 637 qui
482 574 595 621 olim
611 574 950 636 Norimbergae
975 573 1241 632 floruerunt,
1263 573 1606 636 (altorfii-1723.
1642 581 1711 624 Dc
1733 578 1933 640 collegiis
1951 575 2102 626 fabro-

150 655 281 694 rum,
316 656 359 687 et
381 642 760 707 dendrophorum
786 644 981 706 Sponius
1008 645 1054 689 in
1087 644 1352 690 recherches
1385 641 1602 701 curicuses
1636 645 1904 709 d’antiquite
1940 643 2101 712 differt.

151 719 231 768 23.
255 724 298 772 p.
316 707 530 775 344.sqq.·
572 708 681 763 Αίὶα
700 710 927 757 Eruditor.
959 724 1102 772 1729.
1127 721 1294 776 p.184.
1326 727 1466 772 1730.
1489 729 1532 777 p.
1548 721 1623 767 68.
1662 712 1801 759 Iustus
1821 716 2101 761 Fontaninus

146 773 225 823 lib.
244 792 285 822 2.
308 776 364 824 de
389 781 562 825 Hor-tae
592 778 925 842 antiquitatibus
945 795 1037 843 cap.
1056 794 1102 836 5.
1122 815 1125 818 >
1146 783 1216 826 De
1235 777 1553 838 fabriccnfibus
1573 780 1838 828 Dodwellus
1870 782 1924 828 ad
1945 778 2103 829 inscri-

147 845 356 907 ptionem
390 862 591 894 veterem
621 847 730 900 Iulii,
760 847 927 894 Vitalis.
1004 847 1296 910 Decollegio
1332 850 1718 896 Centomanorum
1749 849 1870 896 idem
1904 851 2101 914 Sponius

147 909 255 960 ibid.
277 930 325 977 p.
345 929 450 973 347.
510 919 579 962 De
608 915 798 976 collegio
830 915 1125 977 lignariorum
1159 933 1202 980 p.
1226 931 1330 975 350.
1386 919 1455 962 De
1484 916 1675 978 collegio
1705 928 1868 979 magno
1889 917 2033 964 larum
2057 930 2101 964 et

146 981 400 1040 imaginum
423 978 500 1027 sub
528 986 625 1028 Deo
647 984 848 1040 Siluano,
887 984 1011 1048 quod
1040 984 1227 1031 deorum
1260 987 1679 1047 imperatorumque
1711 986 1952 1046 imagines,
1989 999 2102 1049 quae

145 1048 196 1094 in
220 1047 489 1095 exercitibus
509 1046 791 1107 ferebantur,
825 1048 1018 1099 seruauit
1040 1050 1237 1115 Raphael
1261 1050 1492 1099 Fabrettus
1519 1051 1569 1097 ad
1596 1049 1909 1115 inscriptiones
1928 1070 1971 1117 p.
1985 1068 2100 1116 447.

146 1128 190 1162 et
208 1115 262 1161 ad
287 1115 545 1164 columnam
568 1119 757 1165 Traiani
793 1136 889 1182 pag.
914 1133 1025 1177 205.
1093 1123 1164 1166 De
1195 1118 1374 1180 collegii
1405 1121 1555 1180 magni
1583 1115 1724 1165 scriba
1744 1116 2099 1167 Montfauconus

144 1185 204 1229 T.
217 1186 271 1230 V.
295 1179 596 1248 supplementi
620 1204 662 1250 p.
685 1195 755 1245 83.
779 1185 839 1249 sq.
882 1190 951 1233 De
971 1190 1165 1252 corpore
1186 1185 1405 1251 pistorum
1440 1187 1552 1237 vide>
1575 1203 1686 1250 quae
1719 1201 1931 1233 notantur
1952 1187 2005 1234 ad
2028 1203 2104 1234 ve-

142 1263 213 1296 tus
237 1267 438 1297 marmor
459 1255 649 1299 Comitis
674 1253 882 1309 Marfilii,
916 1257 964 1302 in
990 1272 1080 1319 quo
1109 1271 1268 1302 votum
1301 1251 1604 1304 consecratum
1629 1256 1804 1308 Cereri,
1847 1254 1900 1301 ad
1933 1254 2100 1303 calcem

143 1315 351 1366 historiae
374 1318 561 1367 instituti
583 1321 897 1375 Bononiensis,
935 1324 1077 1371 editae
1097 1323 1253 1386 gallice
1268 1341 1299 1370 a
1319 1325 1572 1372 Liminerio
1595 1339 1639 1387 p.
1661 1330 1768 1378 228.
1794 1319 1886 1386 sqq.
1937 1326 2005 1369 De
2024 1323 2096 1387 pi-
2122 1314 2143 1342 ‘⁸
2205 1343 2208 1393 ζ

142 1383 389 1434 strinorum
412 1403 454 1434 et
473 1388 815 1437 catabolensiurn
848 1390 1048 1453 collegiis
1082 1393 1285 1438 Cuiacius
1317 1389 1493 1439 observ.
1513 1394 1632 1439 XVI.
1658 1405 1699 1453 ς.
1750 1393 1819 1437 De
1837 1391 2098 1451 argentariis
2207 1440 2234 1474 1

142 1452 278 1502 exstat
299 1459 362 1502 Io.
386 1454 557 1505 Gottfn
578 1457 748 1508 Sieberi
774 1456 1014 1505 dissertatio
1039 1458 1210 1523 Lipsiae
1241 1474 1376 1520 1737.
1422 1462 1490 1506 De
1509 1459 1634 1520 curfit
1647 1456 1873 1525 publico'et
1892 1458 2098 1504 vehicula-

141 1527 254 1569 tione
277 1523 645 1586 Bergieriusfuse
663 1528 753 1589 agit
775 1529 852 1573 IV.
872 1543 917 1590 4.
940 1524 1031 1591 sqq.
1056 1528 1111 1574 de
1130 1526 1322 1592 publicis
1346 1530 1657 1587 Romanorum
1678 1527 1778 1589 viis.
1845 1526 2097 1574 Gutherius

143 1590 199 1637 cle
221 1588 381 1638 officiis
410 1592 572 1641 domus
602 1592 822 1656 Augustae
842 1597 920 1640 Ill.
946 1610 1018 1651 14.
1042 1593 1100 1660 sq.
1134 1596 1317 1644 ‘Ezech.
1338 1596 1643 1659 Spanhemius..
1665 1593 1721 1642 de
1750 1590 2096 1660 vvsunumisma-

141 1673 239 1705 tum
260 1676 358 1723 pag.
382 1669 489 1715 800.
513 1659 574 1725 sq.
630 1663 904 1708 Pancirollus
928 1663 980 1709 ad
1005 1665 1209 1709 notitiam
1237 1664 1418 1726 imperii
1450 1680 1541 1727 cap.
1567 1670 1608 1712 6.
1667 1659 1862 1709 Valefius
1892 1663 2012 1709 notis
2039 1659 2096 1708 ad

141 1729 366 1774 Socratem
385 1745 480 1792 pag.
492 1745 571 1792 40.
612 1729 750 1776 Balth.
773 1729 1050 1792 Stolbergius
1073 1733 1120 1776 in
1141 1728 1301 1777 differt.
1324 1731 1378 1777 dc
1401 1732 1590 1793 angariis
1604 1745 1823 1783 veterum,
1842 1727 2094 1792 Wsteberg.

147 1798 287 1849 1680.
311 1812 407 1857 pag.
439 1812 542 1859 149.
570 1794 634 1860 sq.
674 1799 875 1862 Scriptor
898 1798 1040 1858 gallus
1065 1801 1150 1846 Mr.
1174 1800 1214 1845 le
1237 1801 1386 1862 Qien
1409 1799 1462 1845 de
1484 1799 1521 1846 la
1546 1795 1782 1845 Neufville
1807 1796 1861 1842 de
1884 1796 2092 1859 l'origine

142 1861 217 1907 des
237 1862 382 1908 Postes
404 1864 513 1910 chez
538 1864 600 1910 les
632 1866 810 1918 ariciens
828 1880 873 1911 et
894 1865 955 1911 les
985 1867 1248 1920 moderneS,
1288 1863 1413 1912 Paris.
1447 1875 1582 1925 1708.
1617 1881 1683 1912 12.
1713 1878 1755 1913 et
1777 1859 1973 1908 aufiiiore
2001 1863 2093 1908 edi-

139 1930 262 1974 tione
283 1928 451 1976 Pariliis
479 1945 615 1987 1730.
645 1947 714 1978 12.
734 1931 814 1976 vbi
839 1933 973 1979 etiam
995 1932 1333 1995 constitutiones
1358 1949 1516 1991 omnes
1538 1931 1750 1990 inhGallia
1776 1929 2090 1994 promulgatae

139 2014 163 2042 a
183 1997 334 2059 primo
370 1994 496 2042 cursu
526 1996 709 2060 publico
741 1996 940 2058 instituto
972 2000 1248 2054 aLudou-ico
1272 2001 1346 2045 XI.
1379 2013 1443 2053 ¹9-
1466 2000 1584 2044 Iunii
1612 2003 1665 2045 A.
1691 2004 1832 2060 1464.
1888 1999 2091 2046 Ramire-

139 2062 222 2110 sius
255 2064 309 2109 de
337 2065 479 2115 Prado
510 2065 875 2126 pentecontarch.
906 2080 999 2128 cap.
1030 2081 1099 2128 ¹5·
1138 2063 1379 2112 Mar-isonis
1402 2081 1568 2110 centur.
1600 2080 1636 2113 1.
1664 2062 1848 2127 epistola
1869 2069 2088 2124 ahane.

139 2128 417 2178 Colleschius
438 2134 483 2177 in
506 2130 625 2177 libro
646 2130 789 2177 italice
811 2131 931 2177 edito
955 2132 1010 2178 de
1039 2129 1293 2179 cursoribus
1326 2133 1520 2196 publicis
1551 2133 1868 2195 antiquorum,
1901 2133 2088 2181 Floren-

138 2201 222 2246 tiae
259 2205 395 2262 1746.
427 2213 469 2246 et
498 2196 820 2250 differtationes
849 2201 1014 2244 Herm.
1049 2202 1219 2255 Wittii,
1250 2199 1413 2247 Witeb.
1446 2210 1579 2257 1592.
1616 2214 1656 2246 et
1687 2202 1799 2246 Dan.
1822 2201 1943 2248 Guil.
1964 2196 2088 2248 Mol-

136 2268 241 2321 leri,
264 2263 445 2318 Altorfii
472 2273 611 2327 1696.
650 2269 720 2312 De
739 2266 1123 2316 Hemerodromis
1143 2283 1184 2316 et
1204 2264 1455 2323 cursoribus
1479 2267 1732 2315 Alexander
1754 2266 1805 2314 ab
1826 2268 2085 2318 Alexandro

137 2335 212 2382 lib.
236 2350 268 2382 1.
291 2352 326 2381 e.
341 2347 417 2396 27.
439 2348 480 2381 et
502 2331 677 2400 Liplius,
697 2349 869 2384 centur.
893 2336 970 2380 111.
991 2333 1114 2399 epist.
1139 2351 1212 2395 ’,τ-9.
1247 2339 1318 2388 De
1338 2335 1572 2382 tabellariis
1599 2337 1834 2396 Pignorius
1855 2336 1910 2384 de
1932 2334 2083 2392 seruis,

137 2418 180 2450 et
200 2407 370 2466 Popma
402 2402 459 2457 de
488 2403 638 2467 operis
659 2398 915 2458 seruorum,
949 2406 1007 2449 T.
1040 2405 1117 2463 ΠΙ.
1147 2399 1337 2463 ὼείέιυῑὶ
1364 2403 1593 2449 Poleniani
1621 2420 1720 2468 pag.
1746 2416 1893 2468 1293,
1938 2419 2084 2460 1222.

146 2484 294 2533 1233,
332 2486 470 2530 1343.
510 2522 511 2525 Ἰ
544 2473 615 2518 De
648 2467 887 2525 tabellariis
922 2469 970 2516 in
998 2470 1144 2516 veteri
1171 2468 1345 2527 ecclesia
1376 2471 1571 2528 Kochius
1605 2471 1659 2519 de
1689 2471 1842 2534 legatis
1881 2468 2082 2519 ecclesiae
2232 2488 2235 2489 ’

139 2555 185 2601 p.
215 2546 288 2599 38,
329 2552 398 2597 14.
453 2541 524 2583 De
545 2535 812 2598 animalibus
841 2527 1089 2598 tabella-riis⁷
1111 2539 1363 2602 Cyprianus
1393 2537 1543 2586 histor.
1576 2539 1835 2603 animalium
1866 2554 1909 2600 p.
1941 2544 2084 2600 1269„

139 2605 400 2651 Henninius
418 2608 475 2651 T.
499 2606 549 2651 X.
574 2602 766 2652 thesauri
788 2605 1029 2652 Graeuiani
1047 2621 1090 2668 p.
1112 2617 1221 2664 235.
1254 2621 1295 2651 et
1318 2606 1595 2652 Camerarius
1617 2607 1714 2659 hor.
1743 2602 1950 2650 subceliv.
1973 2607 2020 2650 C.
2043 2621 2081 2657 1,

139 2688 183 2739 p.
201 2679 309 2738 383.
344 2673 414 2721 De
433 2671 653 2724 columbis
673 2686 716 2724 et
736 2671 992 2742 cornicibus
1010 2672 1175 2743 litteras
1192 2670 1524 2740 perferentibus
1542 2670 1795 2742 Alexander
1816 2669 1869 2724 ab
1888 2673 2080 2792 Alexgn-

1608 2751 1613 2755 ’
2029 2758 2081 2789 ro

2221 2775 2245 3026 ¹*x⁵¹.
