2263 3027
163 82 290 133 1032
763 47 914 123 cat».
948 71 1127 131 xxm.
1227 71 1508 126 EPVLAE.
1732 58 1735 59 *
1825 149 1831 157 Ι
2130 42 2133 45 ’
2228 0 2263 126 I

155 210 275 243 terea
302 194 392 241 hoc
418 207 735 257 argumentum
769 198 982 247 Matthias
1006 200 1401 258 Zimmermannus
1429 200 1477 247 in
1511 195 1738 262 florilegio
1758 231 1772 257 ,
1807 215 1922 248 voce
1944 204 2114 261 Vrnue,
2230 227 2263 267 i,

156 264 320 327 aliique
339 264 498 310 laudari
527 268 572 311 in
602 264 868 314 collestione
895 286 1007 332 quae
1036 265 1115 316 sub
1147 269 1278 315 titulo
1312 272 1659 334 interceptarum
1691 266 1978 334 epistolarum
1999 275 2110 320 Ger·
2234 271 2263 294 ³⁴

157 349 330 379 nia-nice
352 335 522 395 prodiit
544 335 879 399 (wil'gcfimssene
897 336 1083 397 ffiticfe)
1103 341 1145 384 P.
1161 340 1215 383 II.
1238 345 1414 402 p.·879.
1469 336 1535 385 Ab
1564 339 1690 384 vrnis
1711 337 1924 384 nidorum
1944 339 2113 396 colum,-

157 400 372 448 binorum
406 400 538 447 instar
561 401 781 467 dispositis
802 401 1002 469 sepulcra
1036 403 1309 452 familiarum
1343 405 1603 454 dicebantur
1635 406 1924 456 columbaria.
1997 408 2137 457 Vide·

156 475 249 517 Ant
293 471 445 517 Fixtnc.
472 474 603 516 (iuri-i
639 469 988 537 descriptionem
1018 476 1304 521 monumenti
1336 473 1422 521 siue
1455 474 1732 522 Columbarii
1766 473 2032 521 libertorum
2070 490 2113 523 et

155 534 389 583 seruorum
424 540 573 584 Liuiae
602 540 819 602 Augustae
845 537 889 588 et*
909 539 1141 589 Caesarum
1156 578 1171 596 ,
1193 539 1396 589 recusum
1416 547 1473 590 T.
1488 547 1563 589 III.
1583 541 1937 607 supplementor.
1958 544 2116 591 Poleni

156 621 202 670 p.
226 628 259 654 ι.
300 604 424 651 Adde
461 612 534 651 iac.
559 611 716 672 Sponii
742 608 1024 657 Miscellanea
1048 611 1244 658 eruditae
1270 612 1541 675 antiquitatis
1560 609 1660 658 sesi.
1685 615 1756 657 IX.

297 676 366 718 IX.
406 677 631 737 Exequiae
655 673 826 724 funeris
866 683 906 707 ¹2
928 683 1118 744 proprie
1150 678 1378 726 dicebatur
1399 677 1589 744 sepulcri
1611 682 1698 727 iam
1729 680 2006 744 complicatis
2026 678 2116 725 val·

156 740 226 787 uis
250 757 331 804 per
352 738 491 788 serani
512 743 716 791 occlufio.
777 746 893 793 Vide
928 752 986 795 lo.
1018 747 1226 794 'iacobum
1251 747 1512 795 Chisletium
1544 750 1599 795 de
1628 750 1918 810 exequiarum
1950 750 2040 794 ritu
2061 746 2116 793 ad

155 809 337 854 titulum
363 808 652 873 sepulcralem
676 816 913 861 Geminiae
935 819 1087 863 matris
1108 814 1360 873 sacrorum,
1395 824 1626 881 Antwerp.
1654 822 1789 876 1634.
1812 834 1854 874 4.
1900 816 2020 863 Solet
2052 830 2117 862 ta·
2184 847 2192 851 -

156 893 260 922 men
287 878 396 923 illud
419 879 688 927 vccabulum
713 884 846 928 etiam
868 886 982 947 poni
1005 884 1060 931 de
1079 882 1282 930 Vniuersa
1305 883 1575 930 deduffione
1597 900 1640 930 et
1668 902 1836 949 pompa
1857 881 2031 931 funeris
2058 897 2118 930 at·
2159 934 2164 938 ⁴

156 961 245 1008 que
265 946 469 999 elatione,
491 947 546 993 de
569 965 652 1011 qua
677 966 854 1013 praeter
875 951 1070 998 eundem
1096 951 1357 998 Chifletium
1374 953 1702 999 Kirchmaunus
1726 953 1845 999 libro
1870 968 1909 1001 2.
1932 968 1975 999 et
1989 966 2119 1014 quot-

158 1027 270 1075 quot
297 1013 352 1059 de
374 1011 609 1062 funeribus
633 1019 922 1081 antiquorum
947 1016 1170 1084 scripsere.
1242 1023 1379 1066 Sicuti
1401 1035 1546 1065 autem
1569 1037 1668 1066 mos
1695 1018 1972 1067 facinorosos
1994 1035 2119 1066 extra

156 1081 382 1128 ciuitatem
404 1080 579 1130 afficere
599 1081 821 1149 supplicio
847 1087 901 1132 de
921 1103 1011 1150 quo
1038 1086 1211 1151 Lipsius
1235 1105 1279 1152 p.
1305 1095 1381 1148 98.
1413 1088 1467 1133 ad
1487 1090 1724 1141 Tacitum,
1761 1103 1804 1134 et
1835 1087 2030 1134 Valefius
2063 1086 2119 1134 ad

155 1150 389 1196 Ammiani
415 1152 621 1197 XXVIII.
646 1171 689 1214 4.
714 1170 758 1217 p.
781 1167 886 1211 527.
911 1170 953 1200 et
973 1156 1059 1200 viri
1085 1154 1207 1202 desti
1227 1156 1279 1202 ad
1294 1155 1569 1203 Hebr.XIII.
1589 1171 1664 1204 12.
1689 1157 1747 1201 ita
1766 1152 1965 1202 solebant
1985 1158 2120 1203 etiam
2190 1170 2194 1172 ’

154 1218 422 1263 coemeteria
445 1222 486 1258 ¹3
511 1233 554 1264 et
576 1216 774 1284 sepulcra
796 1218 1119 1270 desunfflzorum
1153 1224 1227 1270 vel
1251 1225 1347 1278 loca
1371 1226 1417 1270 in
1453 1223 1616 1290 quibus
1642 1223 1850 1270 cadauera
1873 1223 2118 1270 exureban-

154 1298 252 1339 tur,
292 1301 386 1331 non
416 1282 501 1333 effe
531 1287 646 1334 intra
676 1290 874 1347 ciuitates
906 1287 980 1337 sed
1003 1307 1129 1338 extra
1160 1291 1280 1347 illas,
1325 1294 1561 1340 communi
1587 1289 1664 1338 vsu
1685 1308 1781 1338 tum
1802 1293 1986 1338 aliarum
2011 1308 2119 1353 gen·>

154 1353 296 1406 tium,
337 1368 432 1400 tum
464 1354 783 1404 Hebraeorum
807 1391 823 1411 ‚
874 1362 1153 1407 Graecorum
1184 1375 1227 1407 et
1256 1364 1582 1407 Romanorum.
1665 1360 1783 1409 Vide
1816 1361 2034 1407 Grotium
2063 1359 2119 1407 ad

155 1422 267 1468 Luc.
281 1424 382 1468 VII.
410 1436 480 1473 12.
518 1426 582 1471 Io.
607 1427 857 1488 Doughteii
882 1425 1092 1475 Analeffca
1115 1425 1231 1475 sacra
1258 1429 1312 1476 ad
1335 1430 1497 1476 Ezech.
1521 1430 1682 1476 XLIII.
1701 1446 1772 1479 10.
1795 1432 1901 1475 Luc.
1921 1431 2021 1476 VII.
2036 1441 2120 1479 20.

155 1490 516 1547 Kirchmannum
538 1492 594 1539 de
612 1490 849 1541 funeribus
871 1498 1186 1544 Romanorum
1209 1499 1265 1545 ΙΙ.
1286 1511 1362 1546 20.
1379 1494 1442 1560 sq.
1494 1500 1561 1546 10.
1596 1496 1752 1544 Voifin
1787 1496 1926 1543 theol.
1956 1496 2117 1546 iudaic-

154 1573 201 1621 Ρ.
218 1567 292 1614 84.
333 1558 595 1616 Chisletium
620 1563 665 1608 in
687 1561 967 1627 expositione
990 1560 1297 1630 inscriptionis
1309 1567 1548 1613 Geminiae
1570 1567 1724 1612 matris
1749 1563 1974 1611 sacrorum
1988 1578 2118 1628 p.25.

154 1621 216 1688 sq.
267 1625 427 1673 Christ.
450 1626 646 1676 Godofr.
681 1627 960 1679 Hoffmanni
992 1630 1156 1681 differt.
1190 1633 1246 1680 de
1273 1635 1556 1680 coemeteriis
1587 1651 1641 1681 ex
1671 1632 1864 1680 vrbibus
1891 1633 2118 1688 tollendis,

154 1692 365 1741 Francos.
386 1695 438 1742 ad
463 1698 615 1744 Viadr.
649 1713 786 1760 ¹729.
811 1716 853 1747 et
873 1703 1043 1763 Georg.
1067 1704 1178 1749 Dan.
1201 1697 1489 1752 Coschwitzii
1509 1701 1565 1749 de
1587 1705 1720 1750 noxis
1743 1719 1797 1750 ex
1820 1699 2045 1766 sepultura
2065 1701 2116 1747 in

153 1762 336 1827 templis
356 1760 470 1811 fasta
492 1764 741 1824 obeundis,⁴
775 1769 917 1816 Halae
948 1783 1088 1829 1729.
1852 1779 1855 1782 ’
2182 1831 2188 1834 ,
2213 1816 2220 1826 ,

287 1834 358 1877 De
388 1833 536 1897 Epulo
571 1832 700 1882 ferali
734 1835 823 1883 siue
852 1835 1074 1885 silicernio
1097 1831 1388 1903 (περίδειπνον
1408 1838 1574 1886 Athen.
1594 1840 1722 1886 VIII.
1743 1849 1900 1901 pag.3·
1922 1849 2000 1895 44-
2038 1835 2116 1881 ῙΧ·

152 1898 347 1961 p.404.)
364 1902 469 1948 vide
484 1904 682 1950 Dionem
707 1903 896 1954 Caffium
918 1923 960 1971 p.
978 1919 1090 1970 253.
1124 1904 1327 1971 Lipfium
1347 1921 1390 1955 et
1411 1908 1560 1953 Taciti
1579 1909 1658 1955 VI.
1677 1903 1936 1953 Annalium.
1957 1902 2114 1949 Kirch·
2179 1914 2192 1926 ⁶

1259 1991 1267 1993 >
1892 1986 2114 2017 mannum

212 2082 247 2102 ¹²
286 2079 444 2119 Seruius
465 2079 513 2119 ad
536 2080 699 2121 Aeneid.
722 2083 778 2122 XI
806 2097 842 2136 p.
860 2094 985 2137 1573.
1023 2083 1142 2137 Apud
1161 2086 1356 2124 Romanos
1375 2083 1491 2122 moris
1511 2081 1587 2121 fuit
1612 2091 1653 2121 vt
1679 2081 1791 2122 noste
1812 2080 2041 2135 efferrentur
2061 2081 2112 2123 ad
2134 2113 2141 2117 -

153 2131 302 2174 funalia
317 2164 326 2180 ,
359 2135 460 2174 vnde
482 2137 596 2175 etiam
616 2136 736 2176 funus
757 2138 900 2177 dietum
926 2138 999 2185 est,
1029 2142 1119 2192 quia
1141 2141 1181 2180 in
1205 2137 1379 2192 religiosa
1405 2139 1560 2177 ciuitate
1579 2138 1787 2184 cauebant,
1830 2151 1879 2176 ne
1901 2148 1967 2176 aut
1990 2139 2111 2192 magi-

139 2188 332 2229 stratibus
362 2202 608 2230 occurrerent
639 2203 705 2231 aut
736 2191 1014 2240 sacerdotibus,
1061 2209 1227 2247 quorum
1261 2195 1393 2234 oculos
1425 2192 1611 2232 nolebant
1641 2193 1766 2232 alieno
1798 2192 1934 2232 sunere
1963 2194 2111 2232 violari.

153 2244 249 2285 Inde
269 2247 405 2291 ctiam,
439 2248 506 2298 qui
526 2246 655 2286 funeri
677 2258 897 2300 praeerant,
927 2263 947 2288 a
966 2250 1117 2302 vespera
1140 2253 1310 2303 primum
1331 2247 1575 2301 vespm-ones,
1609 2248 1749 2287 deinde
1771 2247 1998 2300 vespillones
2019 2248 2110 2287 disti

152 2301 341 2340 videntur,
403 2304 451 2341 Et
474 2303 598 2355 magis
623 2305 740 2342 moris
764 2305 947 2349 Romani,
978 2317 1017 2345 vt
1039 2306 1257 2358 impuberes
1277 2305 1392 2344 nonu
1415 2304 1641 2342 efferrentur
1670 2303 1718 2342 ad
1742 2302 1863 2349 faces,
1895 2317 1943 2342 ne
1972 2303 2109 2343 funere

156 2357 383 2396 immaturae
405 2356 545 2397 sobolis
570 2357 708 2397 domus
732 2357 1035 2407 funestat-entur,
1065 2361 1172 2414 quod
1190 2361 1394 2414 praecipue
1415 2358 1609 2399 accidebat
1626 2360 1667 2398 in
1689 2371 1848 2404 eorum,
1879 2360 1943 2410 qui
1965 2359 2007 2399 In
2026 2373 2106 2398 ma-
2152 2400 2155 2404 ,
2190 2390 2194 2393 .

154 2411 315 2464 gistratu
338 2424 467 2458 erant,
495 2412 597 2454 filiis.
1528 2418 1538 2422 ‘

214 2470 246 2496 ¹3
279 2469 568 2508 Coemeterium
590 2468 692 2522 apud
711 2469 909 2510 Cretenses
933 2473 1026 2511 olim
1048 2471 1193 2511 dic'ium
1213 2469 1290 2510 fuit
1315 2469 1526 2524 hospitium
1549 2469 1780 2509 destinatum
1803 2467 2038 2530 perengnis3
2066 2477 2107 2508 vt

153 2521 195 2562 in
215 2534 260 2561 eo
286 2522 465 2564 somnum
493 2537 695 2577 caperent,
726 2536 765 2564 vt
797 2540 843 2564 ex
864 2526 1028 2566 Doliade
1058 2527 1160 2580 apud
1188 2526 1436 2565 Athenaeum
1471 2525 1536 2565 lib.
1561 2527 1628 2565 IV.
1654 2525 1804 2564 notauit
1827 2526 1957 2562 Petrus
1979 2523 2105 2562 visto-

152 2579 230 2616 rius
252 2579 350 2616 VIII.
369 2591 404 2618 2.
431 2594 502 2619 var.
532 2580 740 2619 leffionum
756 2610 765 2626 ,
794 2582 857 2620 vbi
880 2584 932 2621 ait
953 2582 1189 2622 Christianos
1219 2582 1308 2621 inde
1341 2580 1470 2621 aniam
1496 2581 1632 2635 cepisse
1655 2578 1882 2619 coemeteria
1913 2579 2104 2642 appellare

152 2634 255 2679 loca,
289 2634 327 2672 in
350 2634 491 2685 quibus
515 2635 601 2675 suos
631 2636 841 2675 conderent
861 2650 1048 2678 mortuos.
1101 2637 1214 2677 Adde
1240 2638 1385 2677 Suiceri
1418 2636 1638 2677 thesaurum
1668 2648 1758 2675 voce
1784 2646 2013 2684 κοιμητήριον.
2061 2635 2105 2675 In
2221 2673 2230 2686 ;

153 2690 394 2727 coemeteriis
414 2688 534 2728 sacrae
557 2691 724 2741 peraeffae
741 2689 903 2743 synaxes
921 2692 1123 2746 Aringhus
1142 2693 1206 2731 lib.
1241 2706 1272 2733 1.
1297 2707 1326 2732 c.
1356 2705 1417 2742 31.
1449 2694 1590 2731 Romae
1610 2688 1885 2730 subterraneae.
1919 2688 1992 2726 LX.
2012 2701 2099 2750 coe·
2179 2723 2182 2726 .
2214 2701 2248 2732 ιχ·

154 2746 310 2782 metet-ia
330 2743 487 2782 fuerunt
506 2746 669 2786 Romae,
705 2746 805 2785 idem
826 2750 1027 2801 Aringhus
1050 2751 1094 2787 Il.
1117 2761 1154 2790 2.
1216 2749 1292 2802 Qi
1321 2748 1434 2787 etiam
1459 2748 1506 2787 de
1528 2745 1835 2803 Christianorum
1864 2744 2102 2786 coemeteriis
2195 2756 2219 2769 *f

112 2828 115 2829 γ
145 2797 244 2837 libro
267 2800 414 2851 primo,
437 2810 473 2840 et
495 2799 542 2840 de
568 2800 823 2849 ludaeorum,
858 2804 964 2857 quod
985 2806 1127 2844 Romae
1147 2802 1244 2852 fuit,
1275 2803 1651 2854 coemeteiz‘io,ll·23·
1674 2807 1767 2852 agst·
