2263 3027
650 82 958 145 menta,
991 76 1338 169 VENA—Tto.
1938 61 2031 151 8733

92 213 371 263 telimatione
397 214 592 260 militum
608 208 721 259 'vide
739 226 866 258 notas
885 210 940 257 ad
960 213 1219 276 Appianum
1251 228 1348 277 pag.
1377 222 1489 273 750.
1513 208 1618 258 edit.
1644 207 1887 267 Blancardi.
1958 209 2030 255 De

93 284 337 330 vacationis
370 283 590 346 petitione
631 280 780 326 coram
812 275 1100 332 censoribus,
1158 278 1340 341 insignis
1379 278 1501 325 locus
1540 278 1764 324 Plutarchi
1807 276 2028 339 Pompeio

94 367 126 416 p
165 362 274 410 630.
351 352 420 395 De
443 349 779 412 ταλαπειξῖοις,
815 346 868 392 ad
890 347 1093 408 militiam
1126 349 1290 412 ineptis
1315 345 1420 393 vide
1444 343 1751 392 Casaubonum
1780 343 1834 390 ad
1855 348 2029 390 Aeneae

96 435 132 466 c.
154 433 274 481 10.p
310 430 448 478 1730.
519 419 586 462 De
610 413 827 461 militibus
849 417 1045 460 emeritis
1069 429 1111 461 et
1132 416 1186 461 de
1215 413 1547 463 'valetudinariis
1579 416 1625 459 in
1657 413 1839 474 gratiam
1869 408 2030 456 saucio—

95 502 197 531 rum
221 484 293 530 vel
326 485 615 531 emeritorum
644 481 840 527 militum
865 481 1056 528 conditis
1079 479 1236 528 confer
1265 485 1427 529 Io.Pet.
1456 481 1512 527 de
1540 480 1764 541 Ludewig
1798 477 1937 540 ὓίττῖρί
1960 484 2032 525 bct

96 551 503 614 ffinvatibcnbduser.
528 546 641 596 Frfti
667 564 709 595 et
730 546 855 614 Lipss
878 564 1016 609 1707.
1042 557 1080 604 8.
1106 565 1147 595 et
1171 551 1215 595 in
1248 552 1340 595 eius
1367 546 1513 613 opusc.
1539 564 1646 594 tom.
1673 563 1712 595 2.
1741 563 1783 610 p.
1815 561 1910 605 254
1934 540 2030 607 qu.

95 624 165 666 De
190 617 380 679 Augusta
400 619 603 669 emerita>
638 633 770 680 quam
798 615 1041 678 Augustus,
1075 633 1215 680 quum
1238 618 1448 663 emeritos
1470 616 1633 662 milites
1654 614 2031 664 dimitteret,con·

98 687 211 733 didit
232 683 513 732 consulantur
536 687 784 747 Scriptores
810 703 830 730 a
852 684 1056 730 Fabricio
1079 685 1131 730 ad
1155 686 1350 730 Dionem
1381 701 1424 748 p.
1447 699 1556 746 720.
1578 683 1766 730 excitati.
1834 682 1905 726 De
1924 680 2029 724 hor·

97 757 183 800 reis
213 753 408 816 *conditis
443 752 546 797 vide
578 751 830 798 Salmafium
863 753 915 797 ad
951 753 1169 815 Spartianj
1198 752 1478 798 Hadrianum
1510 748 1588 797 fol.
1613 761 1688 799 26.
1765 751 1834 795 De
1855 761 2029 810 campe-

96 820 256 867 stribus
282 819 644 865 meditationibus
669 819 756 865 line
788 821 1011 866 exercitiis
1029 852 1041 871 ,
1098 822 1377 881 «γυμνασίοις,
1421 820 1641 882 μελέταις
1672 813 1838 863 disserit
1866 813 2028 860 Ezech.

94 889 391 952 Spanhemius
411 887 591 933 adorat.
621 902 657 933 1.
687 887 844 932 iuliani
865 903 905 951 p.
939 901 1025 946 107
1047 883 1139 949 sqq.
1212 886 1544 947 Lindebrogius
1565 886 1617 931 ad
1644 885 2032 942 AmmianiXX.4.

98 957 344 1003 GUtherius
366 954 420 1000 de
441 956 535 1000 iure
558 956 755 1001 manium
781 955 808 1000 l.
833 957 872 1003 2'.
896 971 989 1017 cap,
1019 968 1057 1012 3.
1088 969 1130 1001 et
1153 954 1428 1000 Stewechius
1458 954 1512 998 ad
1535 953 1714 1013 Vegetii
1742 952 1796 998 ll.
1823 964 1890 1009 ¹4-
1959 951 2030 993 De

96 1037 306 1087 apparatu
328 1030 370 1068 et
399 1038 618 1068 armatura
647 1022 833 1068 militiae
863 1023 1136 1075 hodiernae,
1170 1015 1525 1068 commendanda
1555 1017 1778 1064 tironibus
1812 1020 1843 1061 Ι.
1869 1013 2030 1062 Christ.

97 1089 355 1138 Leonhardi
379 1087 468 1135 diff.
497 1087 616 1153 Lips.
644 1106 779 1148 1711.
798 1091 844 1136 in
868 1107 952 1153 qua
983 1090 1164 1135 ordines
1191 1105 1234 1135 et
1257 1089 1440 1134 nomina
1459 1085 1713 1148 officiorum
1744 1085 1911 1147 aliaque
1935 1098 2031 1142 ger·

95 1159 269 1205 manice
293 1173 334 1202 e:
354 1157 486 1203 latine
509 1173 811 1221 exponuntur.
888 1156 1009 1203 Bello
1042 1154 1186 1202 affinia
1213 1159 1368 1208 duella,
1406 1172 1516 1218 quae
1544 1151 1828 1217 susceperunt
1851 1151 2032 1214 quidam

57 1222 71 1229 x
95 1240 218 1272 tanto
245 1224 466 1288 pereundi
489 1226 563 1270 vel
587 1225 820 1271 occidendi
843 1222 1002 1270 furore
1033 1239 1082 1269 vt
1113 1224 1185 1269 illa
1208 1224 1365 1269 inituri
1386 1224 1515 1269 >areas
1545 1222 1775 1285 quadratas
1809 1216 2029 1283 lapidibus

96 1291 320 1353 signarent
352 1308 457 1354 quas
490 1294 612 1336 exire
634 1291 712 1337 nisi
735 1291 858 1338 visto
890 1308 983 1337 non
1016 1289 1215 1338 licebat„
1254 1290 1369 1336 Vide
1399 1290 1688 1353 Stephanium
1720 1304 1818 1351 pag.
1848 1294 1946 1334 106.
1976 1283 2030 1330 ad

97 1361 711 1405 Saxonem·Grammaticum.
783 1358 890 1404 Belli
918 1360 962 1402 in
985 1358 1306 1421 compendium
1330 1355 1441 1402 milli
1468 1372 1509 1402 et
1539 1359 1732 1401 duorum
1764 1353 1838 1399 vel
1867 1368 2030 1416 pauco·

98 1443 201 1473 rum
222 1425 521 1480 dimicationis
543 1441 704 1471 euentu
731 1424 858 1471 decisi
884 1426 1089 1488 exempla
1119 1424 1298 1486 collegit
1316 1427 1543 1487 'Rupertus
1568 1424 1620 1468 ad
1634 1423 1817 1468 Florum
1833 1437 1874 1484 p.
1892 1429 1952 1480 87
1966 1416 2029 1482 sq.

99 1496 254 1555 Qum
275 1493 393 1556 apud
417 1507 592 1538 veter-:s
622 1495 899 1556 praeparatio
933 1493 1146 1555 quaedam
1179 1492 1231 1538 ad
1267 1493 1496 1543 militiam,
1535 1507 1577 1537 et
1606 1492 1668 1536 rei
1699 1489 1880 1535 bellicae
1911 1483 2028 1550 quafi

96 1562 247 1621 imago
269 1576 312 1605 et
333 1577 434 1625 pars
458 1559 670 1622 quaedam
692 1557 794 1624 effer
825 1561 1022 1612 venatio,
1060 1577 1194 1623 pauca
1217 1560 1438 1622 quaedam
1454 1560 1508 1604 de
1539 1559 1692 1605 eadem
1722 1555 2030 1616 subiungenda

100 1627 326 1673 duximus,
395 1630 462 1672 Ex
492 1630 683 1690 antiquis
712 1629 765 1674 de
794 1616 846 1673 ¹ea
877 1629 1165 1673 commentati
1189 1625 1287 1673 sunt
1308 1628 1581 1690 Xenophon,
1621 1627 1833 1671 Arrianus
1863 1638 1906 1668 et
1935 1626 2028 1686 Op·

100 1696 274 1759 pianus.
342 1697 378 1739 E
405 1694 728 1741 recentioribus
750 1692 1039 1758 conferantur
1051 1696 1222 1741 Natalis
1234 1696 1423 1741 Comitis
1445 1694 1497 1740 de
1522 1694 1635 1739 ludis
1657 1691 1888 1754 agresticiS,
1909 1705 2029 1753 prae·
2056 1716 2057 1719 =

102 1765 232 1825 cipue
253 1775 364 1810 vero
392 1761 447 1808 de
469 1765 709 1808 venatione
730 1763 834 1808 libri
858 1780 900 1819 4.
925 1764 1166 1808 accuratius
1193 1761 1328 1809 reculi
1357 1763 1554 1809 Londini
1587 1768 1723 1819 1726.
1794 1763 1828 1804 I.
1850 1763 1892 1804 Β.
1919 1761 2028 1804 Cro-

99 1831 235 1894 phius
265 1830 432 1892 antiqu.
457 1829 634 1877 Maced.
661 1828 736 1891 lib.
761 1842 801 1878 2.
827 1846 918 1893 cap.
949 1846 984 1887 3.
1057 1828 1322 1876 Tomasinus
1353 1830 1405 1876 de
1429 1830 1625 1875 donariis
1654 1829 1859 1873 veterum
1892 1842 1924 1872 c.
1955 1838 2029 1883 3¹.

100 1911 144 1943 et
174 1897 374 1942 Feithius
404 1898 450 1942 in
482 1896 816 1960 antiquitatibus
847 1898 1127 1949 Homericis,
1179 1896 1336 1944 reculis
1367 1913 1462 1943 tom
1513 1906 1554 1945 6.
1599 1891 1786 1941 thesauri
1819 1898 2029 1940 Gronov.

99 1980 197 2028 pag.
225 1977 365 2021 3711.
435 1964 605 2010 Rider,
632 1965 722 2010 Vlr.
747 1961 894 2011 Sriffer
917 1968 958 2012 iu
983 1974 1049 2015 bct·
1075 1963 1216 2026 &ox-ft:
1240 1972 1325 2013 nub
1353 1964 1648 2024 Zagbbistorie
1680 1969 1751 2010 bet
1775 1960 2031 2021 §Dcuti'dpcn'

102 2032 217 2077 edita
252 2034 380 2075 lenae
408 2046 545 2092 1737.
575 2039 614 2086 8.
650 2047 692 2081 et
713 2031 881 2079 austius
908 2050 1006 2079 cum
1033 2027 1209 2096 praefat.
1234 2034 1398 2078 Heinr.
1434 2030 1636 2078 Gottlieb
1668 2029 1850 2075 Frankii
1885 2024 2032 2073 recusa

100 2096 274 2162 Lipsiae
301 2113 437 2160 1754.
463 2106 504 2152 8.
537 2113 577 2143 et
598 2103 797 2146 Beneton
827 2101 881 2146 de
909 2103 1062 2146 Perrin
1095 2102 1138 2145 in
1171 2099 1320 2161 elogio
1351 2097 1564 2145 historico
1595 2098 1870 2152 venationis,
1917 2094 2032 2139 Pari-

40 2192 43 2193 ⁷
101 2164 170 2212 fiis
204 2180 343 2225 1734.
373 2180 428 2211 12
477 2165 632 2224 gallice
663 2168 800 2214 edito.
866 2171 934 2213 De
964 2169 1203 2213 venatione
1246 2168 1351 2213 circi
1386 2163 1682 2212 consulendus
1714 2164 1949 2223 Bulengeri
1980 2160 2031 2205 li-

102 2231 182 2280 ber
202 2233 255 2278 de
279 2235 396 2278 circo
421 2233 467 2276 R.
494 2230 667 2278 recusus
690 2249 798 2281 tom.
825 2251 864 2294 9.
896 2232 1088 2280 thesauri
1117 2235 1357 2280 Graeuiani
1388 2248 1484 2295 pag.
1510 2247 1617 2291 577.
1689 2233 1757 2275 De
1792 2229 2031 2274 venatione

19 2347 28 2353 „
99 2314 200 2365 per·
214 2317 313 2347 aues
342 2315 516 2362 rapaces
547 2298 792 2358 AristOteli,
837 2305 1005 2353 Plinio,
1051 2300 1272 2352 Martiali,
1317 2299 1532 2351 Aeliano,
1567 2299 1763 2343 Firmico
1788 2309 2031 2341 memorata

34 2370 37 2371 ⁷
102 2369 209 2415 vide
247 2368 331 2415 Lil.
373 2366 624 2429 Gyraldum
668 2362 929 2430 dialogismo
974 2366 1097 2413 sexto
1135 2381 1244 2413 tom.
1276 2381 1314 2412 2.
1355 2362 1546 2411 thesauri
1586 2365 1727 2409 critici
1770 2362 2030 2408 Gruteriani

101 2453 147 2501 p.
174 2452 265 2497 397
286 2433 332 2498 sq
419 2435 649 2479 Thomam
678 2428 842 2483 Brown
876 2440 921 2482 in
946 2433 1253 2481 ivliscellaneis.
1282 2429 1582 2479 Aue‘toresrrei
1611 2431 1934 2493 accipin-ariae,
1973 2427 2028 2475 de

105 2502 265 2567 quibus
287 2503 378 2548 dixi
415 2500 491 2548 lib.
520 2519 554 2547 1.
589 2500 698 2551 Bibl.
721 2519 898 2565 graecae
919 2520 998 2567 cap
1038 2517 1112 2560 25.
1144 2516 1186 2548 et
1216 2504 1335 2546 Ioan.
1359 2500 1472 2547 Phil.
1498 2499 1818 2560 Burggrauium
1846 2513 1887 2560 p.
1916 2498 2026 2555 236.

104 2572 157 2631 acl
198 2572 496 2631 Conringium
526 2569 578 2614 de
622 2586 865 2635 corporum
908 2573 1178 2617 Germanor.
1217 2567 1392 2614 habitus
1427 2563 1584 2613 causiis.
1626 2561 1947 2611 'intermissam
1979 2565 2027 2608 in

103 2638 225 2691 Italia
243 2635 472 2685 restitmsse
496 2638 753 2685 Rainaldum
769 2676 781 2694 ‚
816 2634 1062 2691 mensem,
1102 2652 1241 2700 quum
1264 2636 1516 2682 Fridericus
1536 2629 1795 2680 Aenobarba
1820 2646 2027 2693 magnam

40 2712 49 2716 ‘
95 2701 332 2753 falconum
361 2707 538 2769 copiam
567 2706 614 2751 in
642 2707 812 2754 ltaliam
842 2705 1072 2761 intulerat,
1113 2720 1250 2765 eaque
1279 2719 1370 2760 res,
1406 2717 1456 2749 vt
1486 2705 1684 2757 nouitate
1711 2697 1783 2747 sua
1801 2701 2025 2811 plac-enies

1086 2774 1125 2834 5:
1147 2787 1169 2818 c
1209 2785 1232 2832 3
1395 2776 1398 2778 ’
1979 2782 2025 2812 o-
