<?xml version="1.0" encoding="UTF-8"?>
<!DOCTYPE html PUBLIC "-//W3C//DTD XHTML 1.0 Transitional//EN"
    "http://www.w3.org/TR/xhtml1/DTD/xhtml1-transitional.dtd">
<html xmlns="http://www.w3.org/1999/xhtml" xml:lang="en" lang="en">
 <head>
  <title>
</title>
<meta http-equiv="Content-Type" content="text/html;charset=utf-8" />
  <meta name='ocr-system' content='tesseract 3.04.00' />
  <meta name='ocr-capabilities' content='ocr_page ocr_carea ocr_par ocr_line ocrx_word'/>
</head>
<body>
  <div class='ocr_page' id='page_1' title='image "./ioalbertifabrici00fabr_0232.png"; bbox 0 0 2263 3027; ppageno 0'>
   <div class='ocr_carea' id='block_1_1' title="bbox 212 116 1647 182">
    <p class='ocr_par' dir='ltr' id='par_1_1' title="bbox 212 116 1647 182">
     <span class='ocr_line' id='line_1_1' title="bbox 212 116 1647 182; baseline 0.001 -10"><span class='ocrx_word' id='word_1_1' title='bbox 212 130 318 182; x_wconf 68' lang='lat'>2087</span> <span class='ocrx_word' id='word_1_2' title='bbox 731 120 901 173; x_wconf 89' lang='lat' dir='ltr'>CAP.</span> <span class='ocrx_word' id='word_1_3' title='bbox 927 120 995 174; x_wconf 91' lang='lat' dir='ltr'>V.</span> <span class='ocrx_word' id='word_1_4' title='bbox 1086 116 1647 174; x_wconf 78' lang='lat' dir='ltr'><strong>GEOGRAPHIA</strong></span> 
     </span>
    </p>
   </div>
   <div class='ocr_carea' id='block_1_2' title="bbox 203 243 2238 2006">
    <p class='ocr_par' dir='ltr' id='par_1_2' title="bbox 203 243 2238 2006">
     <span class='ocr_line' id='line_1_2' title="bbox 203 243 2168 315; baseline 0.001 -20"><span class='ocrx_word' id='word_1_5' title='bbox 203 247 383 315; x_wconf 78' lang='lat' dir='ltr'>phiques</span> <span class='ocrx_word' id='word_1_6' title='bbox 409 257 453 295; x_wconf 84' lang='lat' dir='ltr'>et</span> <span class='ocrx_word' id='word_1_7' title='bbox 486 245 827 311; x_wconf 78' lang='lat' dir='ltr'>chronologiques</span> <span class='ocrx_word' id='word_1_8' title='bbox 857 247 907 292; x_wconf 84' lang='lat' dir='ltr'>de</span> <span class='ocrx_word' id='word_1_9' title='bbox 938 258 1032 292; x_wconf 84' lang='lat' dir='ltr'>tous</span> <span class='ocrx_word' id='word_1_10' title='bbox 1061 246 1117 292; x_wconf 86' lang='lat' dir='ltr'>les</span> <span class='ocrx_word' id='word_1_11' title='bbox 1152 247 1440 295; x_wconf 82' lang='lat' dir='ltr'>Archevechez</span> <span class='ocrx_word' id='word_1_12' title='bbox 1469 260 1512 294; x_wconf 84' lang='lat' dir='ltr'>et</span> <span class='ocrx_word' id='word_1_13' title='bbox 1539 245 1726 294; x_wconf 84' lang='lat' dir='ltr'>Evechez</span> <span class='ocrx_word' id='word_1_14' title='bbox 1755 243 2075 302; x_wconf 72' lang='lat' dir='ltr'>de‘FVm&#39;vers,</span> <span class='ocrx_word' id='word_1_15' title='bbox 2111 247 2168 296; x_wconf 73' lang='lat' dir='ltr'>ou</span> 
     </span>
     <span class='ocr_line' id='line_1_3' title="bbox 210 314 2167 380; baseline 0.001 -19"><span class='ocrx_word' id='word_1_16' title='bbox 210 317 293 361; x_wconf 85' lang='lat' dir='ltr'>l’on</span> <span class='ocrx_word' id='word_1_17' title='bbox 312 320 403 362; x_wconf 82' lang='lat' dir='ltr'>voit</span> <span class='ocrx_word' id='word_1_18' title='bbox 427 316 546 362; x_wconf 77' lang='lat' dir='ltr'>l&#39;etat</span> <span class='ocrx_word' id='word_1_19' title='bbox 575 319 719 360; x_wconf 85' lang='lat' dir='ltr'>ancien</span> <span class='ocrx_word' id='word_1_20' title='bbox 743 327 785 359; x_wconf 84' lang='lat' dir='ltr'>et</span> <span class='ocrx_word' id='word_1_21' title='bbox 798 314 980 380; x_wconf 70' lang='lat' dir='ltr'>prestnt.</span> <span class='ocrx_word' id='word_1_22' title='bbox 1090 316 1362 376; x_wconf 71' lang='lat' dir='ltr'>Praeclaram</span> <span class='ocrx_word' id='word_1_23' title='bbox 1394 332 1577 380; x_wconf 89' lang='lat' dir='ltr'>quoque</span> <span class='ocrx_word' id='word_1_24' title='bbox 1607 321 1795 380; x_wconf 86' lang='lat' dir='ltr'>operam</span> <span class='ocrx_word' id='word_1_25' title='bbox 1828 319 1874 362; x_wconf 87' lang='lat' dir='ltr'>in</span> <span class='ocrx_word' id='word_1_26' title='bbox 1907 314 2167 365; x_wconf 84' lang='lat' dir='ltr'>illustranda</span> 
     </span>
     <span class='ocr_line' id='line_1_4' title="bbox 215 379 2167 448; baseline 0 -18"><span class='ocrx_word' id='word_1_27' title='bbox 215 384 491 448; x_wconf 82' lang='lat' dir='ltr'>geographia</span> <span class='ocrx_word' id='word_1_28' title='bbox 510 379 628 429; x_wconf 76' lang='lat' dir='ltr'>sacra</span> <span class='ocrx_word' id='word_1_29' title='bbox 653 383 890 429; x_wconf 82' lang='lat' dir='ltr'>collocauit</span> <span class='ocrx_word' id='word_1_30' title='bbox 911 382 1391 444; x_wconf 72' lang='lat' dir='ltr'>FranciftufOrlendim</span> <span class='ocrx_word' id='word_1_31' title='bbox 1411 387 1459 431; x_wconf 89' lang='lat' dir='ltr'>in</span> <span class='ocrx_word' id='word_1_32' title='bbox 1483 383 1595 430; x_wconf 87' lang='lat' dir='ltr'>orbe</span> <span class='ocrx_word' id='word_1_33' title='bbox 1618 381 1739 432; x_wconf 82' lang='lat' dir='ltr'>sacro</span> <span class='ocrx_word' id='word_1_34' title='bbox 1778 399 1822 430; x_wconf 87' lang='lat' dir='ltr'>et</span> <span class='ocrx_word' id='word_1_35' title='bbox 1840 380 2038 448; x_wconf 83' lang='lat' dir='ltr'>profano</span> <span class='ocrx_word' id='word_1_36' title='bbox 2066 383 2167 430; x_wconf 89' lang='lat' dir='ltr'>illu-</span> 
     </span>
     <span class='ocr_line' id='line_1_5' title="bbox 215 448 2238 515; baseline 0 -18"><span class='ocrx_word' id='word_1_37' title='bbox 215 449 361 504; x_wconf 85' lang='lat' dir='ltr'>strat0,</span> <span class='ocrx_word' id='word_1_38' title='bbox 401 450 711 497; x_wconf 82' lang='lat' dir='ltr'>voluminibus</span> <span class='ocrx_word' id='word_1_39' title='bbox 733 452 875 496; x_wconf 78' lang='lat' dir='ltr'>tribus</span> <span class='ocrx_word' id='word_1_40' title='bbox 899 451 1152 499; x_wconf 84' lang='lat' dir='ltr'>Florentiae</span> <span class='ocrx_word' id='word_1_41' title='bbox 1179 462 1319 514; x_wconf 79' lang='lat'>1728,</span> <span class='ocrx_word' id='word_1_42' title='bbox 1346 468 1399 515; x_wconf 83' lang='lat'>3¹</span> <span class='ocrx_word' id='word_1_43' title='bbox 1433 467 1476 499; x_wconf 92' lang='lat' dir='ltr'>et</span> <span class='ocrx_word' id='word_1_44' title='bbox 1508 465 1583 512; x_wconf 83' lang='lat'>32.</span> <span class='ocrx_word' id='word_1_45' title='bbox 1619 454 1667 498; x_wconf 90' lang='lat' dir='ltr'>in</span> <span class='ocrx_word' id='word_1_46' title='bbox 1691 448 1806 498; x_wconf 89' lang='lat' dir='ltr'>folio</span> <span class='ocrx_word' id='word_1_47' title='bbox 1835 451 1971 498; x_wconf 88' lang='lat' dir='ltr'>edito.</span> <span class='ocrx_word' id='word_1_48' title='bbox 2018 453 2166 501; x_wconf 74' lang='lat' dir='ltr'>¹Huic</span> <span class='ocrx_word' id='word_1_49' title='bbox 2235 471 2238 473; x_wconf 96' lang='lat'>·</span> 
     </span>
     <span class='ocr_line' id='line_1_6' title="bbox 216 515 2165 583; baseline 0.001 -19"><span class='ocrx_word' id='word_1_50' title='bbox 216 519 434 566; x_wconf 82' lang='lat' dir='ltr'>addantur</span> <span class='ocrx_word' id='word_1_51' title='bbox 454 522 636 565; x_wconf 83' lang='lat' dir='ltr'>Henrici</span> <span class='ocrx_word' id='word_1_52' title='bbox 663 520 863 566; x_wconf 77' lang='lat' dir='ltr'>Schereri</span> <span class='ocrx_word' id='word_1_53' title='bbox 890 520 1168 583; x_wconf 80' lang='lat' dir='ltr'>geographia</span> <span class='ocrx_word' id='word_1_54' title='bbox 1195 521 1495 573; x_wconf 82' lang='lat' dir='ltr'>hierarchica,</span> <span class='ocrx_word' id='word_1_55' title='bbox 1533 516 1586 565; x_wconf 68' lang='lat' dir='ltr'>s.</span> <span class='ocrx_word' id='word_1_56' title='bbox 1609 520 1800 567; x_wconf 85' lang='lat' dir='ltr'>Atlantis</span> <span class='ocrx_word' id='word_1_57' title='bbox 1827 536 1930 583; x_wconf 87' lang='lat' dir='ltr'>pars</span> <span class='ocrx_word' id='word_1_58' title='bbox 1960 515 2165 566; x_wconf 84' lang='lat' dir='ltr'>secunda.</span> 
     </span>
     <span class='ocr_line' id='line_1_7' title="bbox 216 584 2168 652; baseline -0.001 -19"><span class='ocrx_word' id='word_1_59' title='bbox 216 588 455 634; x_wconf 81' lang='lat' dir='ltr'>Monachii</span> <span class='ocrx_word' id='word_1_60' title='bbox 482 603 616 647; x_wconf 79' lang='lat'><strong>¹703·</strong></span> <span class='ocrx_word' id='word_1_61' title='bbox 651 601 695 647; x_wconf 77' lang='grc'>4.</span> <span class='ocrx_word' id='word_1_62' title='bbox 728 588 831 635; x_wconf 89' lang='lat' dir='ltr'>mai.</span> <span class='ocrx_word' id='word_1_63' title='bbox 899 602 944 633; x_wconf 92' lang='lat' dir='ltr'>et</span> <span class='ocrx_word' id='word_1_64' title='bbox 964 588 1120 634; x_wconf 82' lang='lat' dir='ltr'>Geslini</span> <span class='ocrx_word' id='word_1_65' title='bbox 1140 590 1477 652; x_wconf 83' lang='lat' dir='ltr'>chorographia</span> <span class='ocrx_word' id='word_1_66' title='bbox 1494 584 1653 635; x_wconf 56' lang='lat' dir='ltr'>saneta.</span> <span class='ocrx_word' id='word_1_67' title='bbox 1700 588 1916 634; x_wconf 87' lang='lat' dir='ltr'>Salmurii</span> <span class='ocrx_word' id='word_1_68' title='bbox 1944 595 2086 643; x_wconf 82' lang='lat'>1629.</span> <span class='ocrx_word' id='word_1_69' title='bbox 2122 592 2168 641; x_wconf 82' lang='lat'>8.</span> 
     </span>
     <span class='ocr_line' id='line_1_8' title="bbox 218 653 2166 720; baseline -0.001 -19"><span class='ocrx_word' id='word_1_70' title='bbox 218 655 346 706; x_wconf 81' lang='lat' dir='ltr'>edita.</span> <span class='ocrx_word' id='word_1_71' title='bbox 456 658 562 708; x_wconf 80' lang='lat' dir='ltr'>lam,</span> <span class='ocrx_word' id='word_1_72' title='bbox 600 669 650 700; x_wconf 90' lang='lat' dir='ltr'>vt</span> <span class='ocrx_word' id='word_1_73' title='bbox 678 657 1218 720; x_wconf 84' lang='lat' dir='ltr'>memoratis-praecipuis</span> <span class='ocrx_word' id='word_1_74' title='bbox 1253 653 1518 702; x_wconf 85' lang='lat' dir='ltr'>hisce-alios</span> <span class='ocrx_word' id='word_1_75' title='bbox 1542 655 1789 702; x_wconf 85' lang='lat' dir='ltr'>nonnullos</span> <span class='ocrx_word' id='word_1_76' title='bbox 1813 654 2166 715; x_wconf 81' lang='lat' dir='ltr'>eiusdem-argu-</span> 
     </span>
     <span class='ocr_line' id='line_1_9' title="bbox 218 720 2167 788; baseline -0.001 -19"><span class='ocrx_word' id='word_1_77' title='bbox 218 724 362 769; x_wconf 91' lang='lat' dir='ltr'>menti</span> <span class='ocrx_word' id='word_1_78' title='bbox 397 721 736 785; x_wconf 61' lang='lat' dir='ltr'>subiungimus,</span> <span class='ocrx_word' id='word_1_79' title='bbox 791 739 887 769; x_wconf 87' lang='lat' dir='ltr'>non</span> <span class='ocrx_word' id='word_1_80' title='bbox 919 723 1270 787; x_wconf 84' lang='lat' dir='ltr'>praetereundus</span> <span class='ocrx_word' id='word_1_81' title='bbox 1291 726 1438 770; x_wconf 81' lang='lat' dir='ltr'>Eman.</span> <span class='ocrx_word' id='word_1_82' title='bbox 1473 722 1800 785; x_wconf 83' lang='lat' dir='ltr'>Schelstratenus</span> <span class='ocrx_word' id='word_1_83' title='bbox 1820 725 1868 769; x_wconf 90' lang='lat' dir='ltr'>in</span> <span class='ocrx_word' id='word_1_84' title='bbox 1891 722 2087 788; x_wconf 79' lang='lat' dir='ltr'>append.</span> <span class='ocrx_word' id='word_1_85' title='bbox 2111 720 2167 768; x_wconf 85' lang='lat' dir='ltr'>ad</span> 
     </span>
     <span class='ocr_line' id='line_1_10' title="bbox 217 787 2168 855; baseline -0.001 -18"><span class='ocrx_word' id='word_1_86' title='bbox 217 793 277 838; x_wconf 90' lang='lat' dir='ltr'>T.</span> <span class='ocrx_word' id='word_1_87' title='bbox 313 806 354 838; x_wconf 86' lang='lat'>2.</span> <span class='ocrx_word' id='word_1_88' title='bbox 397 796 670 855; x_wconf 80' lang='lat' dir='ltr'>antiquitatis</span> <span class='ocrx_word' id='word_1_89' title='bbox 708 788 1016 840; x_wconf 74' lang='lat' dir='ltr'>ecclesiasticae</span> <span class='ocrx_word' id='word_1_90' title='bbox 1041 790 1286 838; x_wconf 86' lang='lat' dir='ltr'>illustratae.</span> <span class='ocrx_word' id='word_1_91' title='bbox 1337 794 1472 837; x_wconf 88' lang='lat' dir='ltr'>Rom.</span> <span class='ocrx_word' id='word_1_92' title='bbox 1504 800 1627 849; x_wconf 85' lang='lat'><strong>¹697</strong></span> <span class='ocrx_word' id='word_1_93' title='bbox 1663 787 1747 853; x_wconf 72' lang='lat' dir='ltr'>fol.</span> <span class='ocrx_word' id='word_1_94' title='bbox 1790 793 1839 838; x_wconf 87' lang='lat' dir='ltr'>in</span> <span class='ocrx_word' id='word_1_95' title='bbox 1871 808 1958 854; x_wconf 88' lang='lat' dir='ltr'>qua</span> <span class='ocrx_word' id='word_1_96' title='bbox 1988 805 2168 855; x_wconf 89' lang='lat' dir='ltr'>praeter</span> 
     </span>
     <span class='ocr_line' id='line_1_11' title="bbox 218 855 2168 924; baseline 0 -20"><span class='ocrx_word' id='word_1_97' title='bbox 218 860 361 905; x_wconf 86' lang='lat' dir='ltr'>varias</span> <span class='ocrx_word' id='word_1_98' title='bbox 386 860 565 906; x_wconf 79' lang='lat' dir='ltr'>notitias</span> <span class='ocrx_word' id='word_1_99' title='bbox 585 855 944 924; x_wconf 80' lang='lat' dir='ltr'>episcopatuum,</span> <span class='ocrx_word' id='word_1_100' title='bbox 971 859 1166 907; x_wconf 88' lang='lat' dir='ltr'>habetur</span> <span class='ocrx_word' id='word_1_101' title='bbox 1198 875 1382 924; x_wconf 90' lang='lat' dir='ltr'>quoque</span> <span class='ocrx_word' id='word_1_102' title='bbox 1413 860 1695 905; x_wconf 89' lang='lat' dir='ltr'>itinerarium</span> <span class='ocrx_word' id='word_1_103' title='bbox 1722 861 1941 912; x_wconf 77' lang='lat' dir='ltr'><em>Antonini,</em></span> <span class='ocrx_word' id='word_1_104' title='bbox 1981 856 2168 922; x_wconf 77' lang='lat' dir='ltr'>supraa</span> 
     </span>
     <span class='ocr_line' id='line_1_12' title="bbox 218 923 2166 991; baseline -0.001 -19"><span class='ocrx_word' id='word_1_105' title='bbox 218 925 351 991; x_wconf 76' lang='lat' dir='ltr'>nohis</span> <span class='ocrx_word' id='word_1_106' title='bbox 381 942 706 981; x_wconf 80' lang='lat' dir='ltr'>memoratum,</span> <span class='ocrx_word' id='word_1_107' title='bbox 741 941 784 974; x_wconf 89' lang='lat' dir='ltr'>et</span> <span class='ocrx_word' id='word_1_108' title='bbox 813 929 1024 975; x_wconf 84' lang='lat' dir='ltr'><em>Hieroclis</em></span> <span class='ocrx_word' id='word_1_109' title='bbox 1043 929 1371 991; x_wconf 85' lang='lat' dir='ltr'>Synecdemus,</span> <span class='ocrx_word' id='word_1_110' title='bbox 1404 925 1495 973; x_wconf 81' lang='lat' dir='ltr'>fiue</span> <span class='ocrx_word' id='word_1_111' title='bbox 1529 942 1681 972; x_wconf 88' lang='lat' dir='ltr'>comes</span> <span class='ocrx_word' id='word_1_112' title='bbox 1708 927 2088 991; x_wconf 72' lang='lat' dir='ltr'>peregrinationis</span> <span class='ocrx_word' id='word_1_113' title='bbox 2112 923 2166 972; x_wconf 88' lang='lat' dir='ltr'>ab</span> 
     </span>
     <span class='ocr_line' id='line_1_13' title="bbox 220 989 2167 1056; baseline -0.002 -15"><span class='ocrx_word' id='word_1_114' title='bbox 220 991 462 1043; x_wconf 87' lang='lat' dir='ltr'>Holstenio</span> <span class='ocrx_word' id='word_1_115' title='bbox 493 993 780 1048; x_wconf 56' lang='lat' dir='ltr'>recensitus„</span> <span class='ocrx_word' id='word_1_116' title='bbox 813 1009 857 1041; x_wconf 91' lang='lat' dir='ltr'>et</span> <span class='ocrx_word' id='word_1_117' title='bbox 886 1011 941 1041; x_wconf 89' lang='lat' dir='ltr'>ex</span> <span class='ocrx_word' id='word_1_118' title='bbox 974 995 1127 1042; x_wconf 82' lang='lat' dir='ltr'>codice</span> <span class='ocrx_word' id='word_1_119' title='bbox 1156 994 1420 1043; x_wconf 84' lang='lat' dir='ltr'>Farnefiano</span> <span class='ocrx_word' id='word_1_120' title='bbox 1451 992 1628 1056; x_wconf 48' lang='lat' dir='ltr'>aniius,</span> <span class='ocrx_word' id='word_1_121' title='bbox 1681 1009 1726 1042; x_wconf 81' lang='lat' dir='ltr'>et</span> <span class='ocrx_word' id='word_1_122' title='bbox 1747 997 1797 1040; x_wconf 92' lang='lat' dir='ltr'>in</span> <span class='ocrx_word' id='word_1_123' title='bbox 1819 999 1874 1040; x_wconf 89' lang='lat' dir='ltr'>V.</span> <span class='ocrx_word' id='word_1_124' title='bbox 1894 989 2167 1041; x_wconf 86' lang='lat' dir='ltr'>C..Anselmi</span> 
     </span>
     <span class='ocr_line' id='line_1_14' title="bbox 220 1061 2168 1127; baseline 0 -19"><span class='ocrx_word' id='word_1_125' title='bbox 220 1062 436 1108; x_wconf 84' lang='lat' dir='ltr'>Bandurii</span> <span class='ocrx_word' id='word_1_126' title='bbox 466 1063 664 1127; x_wconf 83' lang='lat' dir='ltr'>imperio</span> <span class='ocrx_word' id='word_1_127' title='bbox 683 1062 901 1111; x_wconf 72' lang='lat' dir='ltr'>,orientali</span> <span class='ocrx_word' id='word_1_128' title='bbox 930 1067 987 1110; x_wconf 77' lang='lat' dir='ltr'>T.</span> <span class='ocrx_word' id='word_1_129' title='bbox 1022 1079 1061 1112; x_wconf 77' lang='grc' dir='ltr'>Ι.</span> <span class='ocrx_word' id='word_1_130' title='bbox 1110 1061 1301 1111; x_wconf 85' lang='lat' dir='ltr'>recusus.</span> <span class='ocrx_word' id='word_1_131' title='bbox 1420 1062 1581 1110; x_wconf 89' lang='lat' dir='ltr'>Eidem</span> <span class='ocrx_word' id='word_1_132' title='bbox 1615 1062 1826 1109; x_wconf 87' lang='lat' dir='ltr'>Hieroeli</span> <span class='ocrx_word' id='word_1_133' title='bbox 1855 1062 2051 1110; x_wconf 76' lang='lat' dir='ltr'>Carolus·</span> <span class='ocrx_word' id='word_1_134' title='bbox 2073 1078 2096 1107; x_wconf 88' lang='lat' dir='ltr'>a</span> <span class='ocrx_word' id='word_1_135' title='bbox 2126 1063 2168 1108; x_wconf 84' lang='lat' dir='ltr'>S.</span> 
     </span>
     <span class='ocr_line' id='line_1_15' title="bbox 221 1126 2170 1196; baseline -0.001 -21"><span class='ocrx_word' id='word_1_136' title='bbox 221 1129 375 1176; x_wconf 81' lang='lat' dir='ltr'>Paullo</span> <span class='ocrx_word' id='word_1_137' title='bbox 399 1126 531 1176; x_wconf 56' lang='lat' dir='ltr'>tetste&#39;</span> <span class='ocrx_word' id='word_1_138' title='bbox 546 1130 704 1178; x_wconf 87' lang='lat' dir='ltr'>tribuit</span> <span class='ocrx_word' id='word_1_139' title='bbox 739 1127 1078 1194; x_wconf 77' lang='lat' dir='ltr'>dispositionem</span> <span class='ocrx_word' id='word_1_140' title='bbox 1112 1132 1294 1178; x_wconf 84' lang='lat' dir='ltr'>ciuilem</span> <span class='ocrx_word' id='word_1_141' title='bbox 1325 1133 1669 1196; x_wconf 86' lang='lat' dir='ltr'>prouinciarum</span> <span class='ocrx_word' id='word_1_142' title='bbox 1699 1132 1885 1196; x_wconf 81' lang='lat' dir='ltr'>imperii</span> <span class='ocrx_word' id='word_1_143' title='bbox 1920 1127 2170 1185; x_wconf 88' lang='lat' dir='ltr'>Constanti-</span> 
     </span>
     <span class='ocr_line' id='line_1_16' title="bbox 223 1197 2169 1263; baseline -0.001 -19"><span class='ocrx_word' id='word_1_144' title='bbox 223 1197 492 1261; x_wconf 78' lang='lat' dir='ltr'>impolitam,</span> <span class='ocrx_word' id='word_1_145' title='bbox 530 1215 665 1262; x_wconf 88' lang='lat' dir='ltr'>quam</span> <span class='ocrx_word' id='word_1_146' title='bbox 697 1214 722 1245; x_wconf 88' lang='lat' dir='ltr'>e</span> <span class='ocrx_word' id='word_1_147' title='bbox 751 1199 905 1246; x_wconf 82' lang='lat' dir='ltr'>codice</span> <span class='ocrx_word' id='word_1_148' title='bbox 935 1201 1151 1246; x_wconf 85' lang='lat' dir='ltr'>Vaticano</span> <span class='ocrx_word' id='word_1_149' title='bbox 1184 1199 1326 1246; x_wconf 81' lang='lat' dir='ltr'>edidit</span> <span class='ocrx_word' id='word_1_150' title='bbox 1361 1201 1408 1244; x_wconf 87' lang='lat' dir='ltr'>in</span> <span class='ocrx_word' id='word_1_151' title='bbox 1428 1199 1622 1244; x_wconf 81' lang='lat' dir='ltr'>Notitiis</span> <span class='ocrx_word' id='word_1_152' title='bbox 1643 1200 1839 1263; x_wconf 84' lang='lat' dir='ltr'>antiquis</span> <span class='ocrx_word' id='word_1_153' title='bbox 1868 1197 2169 1262; x_wconf 76' lang='lat' dir='ltr'>geographiae</span> 
     </span>
     <span class='ocr_line' id='line_1_17' title="bbox 222 1261 2168 1330; baseline -0.001 -19"><span class='ocrx_word' id='word_1_154' title='bbox 222 1261 363 1312; x_wconf 88' lang='lat' dir='ltr'>sacrae</span> <span class='ocrx_word' id='word_1_155' title='bbox 389 1262 595 1314; x_wconf 67' lang='lat' dir='ltr'>subiestis</span> <span class='ocrx_word' id='word_1_156' title='bbox 626 1283 725 1330; x_wconf 91' lang='lat' dir='ltr'>pag.</span> <span class='ocrx_word' id='word_1_157' title='bbox 747 1279 825 1316; x_wconf 88' lang='lat'>20.</span> <span class='ocrx_word' id='word_1_158' title='bbox 846 1263 935 1330; x_wconf 89' lang='lat' dir='ltr'>seq.</span> <span class='ocrx_word' id='word_1_159' title='bbox 971 1265 1031 1314; x_wconf 89' lang='lat' dir='ltr'>est</span> <span class='ocrx_word' id='word_1_160' title='bbox 1065 1269 1186 1314; x_wconf 87' lang='lat' dir='ltr'>enim</span> <span class='ocrx_word' id='word_1_161' title='bbox 1211 1267 1288 1314; x_wconf 90' lang='lat' dir='ltr'>ille</span> <span class='ocrx_word' id='word_1_162' title='bbox 1320 1262 1410 1330; x_wconf 85' lang='lat' dir='ltr'>ipse</span> <span class='ocrx_word' id='word_1_163' title='bbox 1430 1266 1737 1330; x_wconf 86' lang='lat' dir='ltr'>Synecdemus</span> <span class='ocrx_word' id='word_1_164' title='bbox 1758 1264 1997 1330; x_wconf 87' lang='lat' dir='ltr'>postremis</span> <span class='ocrx_word' id='word_1_165' title='bbox 2027 1265 2168 1311; x_wconf 86' lang='lat' dir='ltr'>modo</span> 
     </span>
     <span class='ocr_line' id='line_1_18' title="bbox 223 1333 2170 1399; baseline 0 -21"><span class='ocrx_word' id='word_1_166' title='bbox 223 1333 563 1397; x_wconf 85' lang='lat' dir='ltr'>quatuordecim</span> <span class='ocrx_word' id='word_1_167' title='bbox 598 1334 816 1398; x_wconf 80' lang='lat' dir='ltr'>capitibus</span> <span class='ocrx_word' id='word_1_168' title='bbox 846 1335 1041 1381; x_wconf 73' lang='lat' dir='ltr'>mutilas,</span> <span class='ocrx_word' id='word_1_169' title='bbox 1134 1338 1222 1382; x_wconf 84' lang='lat' dir='ltr'>Nili</span> <span class='ocrx_word' id='word_1_170' title='bbox 1242 1338 1491 1399; x_wconf 81' lang='lat' dir='ltr'>Daxopatri</span> <span class='ocrx_word' id='word_1_171' title='bbox 1522 1334 1733 1380; x_wconf 80' lang='lat' dir='ltr'>notitiam</span> <span class='ocrx_word' id='word_1_172' title='bbox 1754 1335 1957 1396; x_wconf 88' lang='lat' dir='ltr'>quinque</span> <span class='ocrx_word' id='word_1_173' title='bbox 1977 1334 2170 1379; x_wconf 86' lang='lat' dir='ltr'>throno-</span> 
     </span>
     <span class='ocr_line' id='line_1_19' title="bbox 221 1398 2172 1465; baseline 0 -19"><span class='ocrx_word' id='word_1_174' title='bbox 221 1417 323 1446; x_wconf 90' lang='lat' dir='ltr'>rum</span> <span class='ocrx_word' id='word_1_175' title='bbox 358 1402 738 1465; x_wconf 86' lang='lat' dir='ltr'>patriarchalium,</span> <span class='ocrx_word' id='word_1_176' title='bbox 773 1399 943 1447; x_wconf 87' lang='lat' dir='ltr'>saeculo</span> <span class='ocrx_word' id='word_1_177' title='bbox 977 1401 1251 1448; x_wconf 89' lang='lat' dir='ltr'>duodecimo</span> <span class='ocrx_word' id='word_1_178' title='bbox 1286 1398 1603 1464; x_wconf 77' lang='lat' dir='ltr'>conscriptam,</span> <span class='ocrx_word' id='word_1_179' title='bbox 1653 1400 1859 1461; x_wconf 87' lang='lat' dir='ltr'>vulgauit</span> <span class='ocrx_word' id='word_1_180' title='bbox 1889 1415 1992 1446; x_wconf 85' lang='lat' dir='ltr'>ante</span> <span class='ocrx_word' id='word_1_181' title='bbox 2019 1398 2172 1447; x_wconf 81' lang='lat' dir='ltr'>Schel-</span> 
     </span>
     <span class='ocr_line' id='line_1_20' title="bbox 222 1464 2172 1532; baseline 0 -18"><span class='ocrx_word' id='word_1_182' title='bbox 222 1466 465 1516; x_wconf 84' lang='lat' dir='ltr'>stratenum</span> <span class='ocrx_word' id='word_1_183' title='bbox 479 1472 557 1514; x_wconf 85' lang='lat' dir='ltr'>Leo</span> <span class='ocrx_word' id='word_1_184' title='bbox 570 1470 751 1515; x_wconf 81' lang='lat' dir='ltr'>Allatius</span> <span class='ocrx_word' id='word_1_185' title='bbox 772 1467 849 1513; x_wconf 89' lang='lat' dir='ltr'>lib.</span> <span class='ocrx_word' id='word_1_186' title='bbox 871 1469 1025 1532; x_wconf 90' lang='lat' dir='ltr'>primo</span> <span class='ocrx_word' id='word_1_187' title='bbox 1049 1468 1105 1515; x_wconf 91' lang='lat' dir='ltr'>de</span> <span class='ocrx_word' id='word_1_188' title='bbox 1125 1465 1343 1521; x_wconf 82' lang='lat' dir='ltr'>consensu</span> <span class='ocrx_word' id='word_1_189' title='bbox 1363 1483 1405 1514; x_wconf 93' lang='lat' dir='ltr'>et</span> <span class='ocrx_word' id='word_1_190' title='bbox 1428 1464 1620 1513; x_wconf 75' lang='lat' dir='ltr'>dissensu</span> <span class='ocrx_word' id='word_1_191' title='bbox 1640 1466 1844 1514; x_wconf 80' lang='lat' dir='ltr'>ecclesiae</span> <span class='ocrx_word' id='word_1_192' title='bbox 1862 1484 2045 1530; x_wconf 80' lang='lat' dir='ltr'>graecae</span> <span class='ocrx_word' id='word_1_193' title='bbox 2064 1482 2172 1514; x_wconf 88' lang='lat' dir='ltr'>cum</span> 
     </span>
     <span class='ocr_line' id='line_1_21' title="bbox 219 1536 2171 1602; baseline -0.001 -20"><span class='ocrx_word' id='word_1_194' title='bbox 219 1552 406 1582; x_wconf 85' lang='lat' dir='ltr'>romana</span> <span class='ocrx_word' id='word_1_195' title='bbox 425 1553 459 1585; x_wconf 89' lang='lat' dir='ltr'>c.</span> <span class='ocrx_word' id='word_1_196' title='bbox 484 1550 563 1597; x_wconf 81' lang='lat'>24.</span> <span class='ocrx_word' id='word_1_197' title='bbox 603 1551 700 1583; x_wconf 89' lang='lat' dir='ltr'>tum</span> <span class='ocrx_word' id='word_1_198' title='bbox 729 1536 864 1602; x_wconf 81' lang='lat' dir='ltr'>Steph.</span> <span class='ocrx_word' id='word_1_199' title='bbox 886 1537 920 1581; x_wconf 79' lang='lat' dir='ltr'>le</span> <span class='ocrx_word' id='word_1_200' title='bbox 939 1539 1094 1599; x_wconf 76' lang='lat' dir='ltr'>qune</span> <span class='ocrx_word' id='word_1_201' title='bbox 1113 1540 1173 1582; x_wconf 92' lang='lat' dir='ltr'>T.</span> <span class='ocrx_word' id='word_1_202' title='bbox 1209 1551 1245 1583; x_wconf 87' lang='lat'>1.</span> <span class='ocrx_word' id='word_1_203' title='bbox 1282 1552 1375 1581; x_wconf 88' lang='lat' dir='ltr'>var.</span> <span class='ocrx_word' id='word_1_204' title='bbox 1396 1537 1567 1581; x_wconf 84' lang='lat' dir='ltr'>Sacror.</span> <span class='ocrx_word' id='word_1_205' title='bbox 1590 1551 1634 1598; x_wconf 89' lang='lat' dir='ltr'>p.</span> <span class='ocrx_word' id='word_1_206' title='bbox 1662 1550 1770 1583; x_wconf 79' lang='lat' dir='ltr'>zu.</span> <span class='ocrx_word' id='word_1_207' title='bbox 1786 1544 1836 1582; x_wconf 73' lang='lat' dir='ltr'>vet</span> <span class='ocrx_word' id='word_1_208' title='bbox 1860 1545 1970 1586; x_wconf 85' lang='lat'>262.</span> <span class='ocrx_word' id='word_1_209' title='bbox 2074 1537 2171 1581; x_wconf 83' lang='lat' dir='ltr'>Leo-</span> 
     </span>
     <span class='ocr_line' id='line_1_22' title="bbox 221 1599 2171 1670; baseline -0.001 -21"><span class='ocrx_word' id='word_1_210' title='bbox 221 1609 285 1649; x_wconf 82' lang='lat' dir='ltr'>nis</span> <span class='ocrx_word' id='word_1_211' title='bbox 304 1607 512 1670; x_wconf 81' lang='lat' dir='ltr'>Sapientis</span> <span class='ocrx_word' id='word_1_212' title='bbox 533 1600 833 1656; x_wconf 57' lang='grc' dir='ltr'>δᾶωτύπωσις,</span> <span class='ocrx_word' id='word_1_213' title='bbox 869 1602 958 1650; x_wconf 89' lang='lat' dir='ltr'>fiue</span> <span class='ocrx_word' id='word_1_214' title='bbox 978 1604 1158 1649; x_wconf 86' lang='lat' dir='ltr'>Notitia</span> <span class='ocrx_word' id='word_1_215' title='bbox 1188 1599 1526 1668; x_wconf 77' lang='lat' dir='ltr'>episcoporum,</span> <span class='ocrx_word' id='word_1_216' title='bbox 1572 1604 1648 1665; x_wconf 86' lang='lat' dir='ltr'>qui</span> <span class='ocrx_word' id='word_1_217' title='bbox 1682 1600 1897 1669; x_wconf 87' lang='lat' dir='ltr'>episcopo</span> <span class='ocrx_word' id='word_1_218' title='bbox 1920 1601 2171 1657; x_wconf 74' lang='lat' dir='ltr'>Constanti-</span> 
     </span>
     <span class='ocr_line' id='line_1_23' title="bbox 223 1668 2171 1736; baseline 0.002 -20"><span class='ocrx_word' id='word_1_219' title='bbox 223 1671 491 1735; x_wconf 87' lang='lat' dir='ltr'>nopolitano</span> <span class='ocrx_word' id='word_1_220' title='bbox 516 1670 743 1734; x_wconf 81' lang='lat' dir='ltr'>parebant,</span> <span class='ocrx_word' id='word_1_221' title='bbox 781 1668 916 1735; x_wconf 73' lang='lat' dir='ltr'>exstat</span> <span class='ocrx_word' id='word_1_222' title='bbox 946 1673 994 1716; x_wconf 85' lang='lat' dir='ltr'>in</span> <span class='ocrx_word' id='word_1_223' title='bbox 1025 1671 1123 1716; x_wconf 87' lang='lat' dir='ltr'>iure</span> <span class='ocrx_word' id='word_1_224' title='bbox 1143 1685 1518 1731; x_wconf 86' lang='lat' dir='ltr'>graeco-romano</span> <span class='ocrx_word' id='word_1_225' title='bbox 1539 1670 1719 1715; x_wconf 73' lang='lat' dir='ltr'>freheri</span> <span class='ocrx_word' id='word_1_226' title='bbox 1747 1674 1807 1718; x_wconf 90' lang='lat' dir='ltr'>T.</span> <span class='ocrx_word' id='word_1_227' title='bbox 1829 1686 1867 1719; x_wconf 92' lang='lat'>1.</span> <span class='ocrx_word' id='word_1_228' title='bbox 1897 1688 1928 1736; x_wconf 92' lang='lat' dir='ltr'>p</span> <span class='ocrx_word' id='word_1_229' title='bbox 1975 1680 2171 1727; x_wconf 81' lang='lat'>88-102.</span> 
     </span>
     <span class='ocr_line' id='line_1_24' title="bbox 225 1733 2172 1802; baseline 0.001 -19"><span class='ocrx_word' id='word_1_230' title='bbox 225 1739 442 1784; x_wconf 86' lang='lat' dir='ltr'>Videatur</span> <span class='ocrx_word' id='word_1_231' title='bbox 472 1740 606 1784; x_wconf 85' lang='lat' dir='ltr'>etiam</span> <span class='ocrx_word' id='word_1_232' title='bbox 638 1737 965 1801; x_wconf 87' lang='lat' dir='ltr'>Metropoleon</span> <span class='ocrx_word' id='word_1_233' title='bbox 1009 1752 1051 1784; x_wconf 92' lang='lat' dir='ltr'>et</span> <span class='ocrx_word' id='word_1_234' title='bbox 1083 1733 1566 1802; x_wconf 82' lang='lat' dir='ltr'>Archiepiscopatuum</span> <span class='ocrx_word' id='word_1_235' title='bbox 1607 1737 1831 1800; x_wconf 87' lang='lat' dir='ltr'>catalogus</span> <span class='ocrx_word' id='word_1_236' title='bbox 1853 1773 1868 1797; x_wconf 90' lang='lat'><strong><em>,</em></strong></span> <span class='ocrx_word' id='word_1_237' title='bbox 1930 1755 2067 1801; x_wconf 88' lang='lat' dir='ltr'>quem</span> <span class='ocrx_word' id='word_1_238' title='bbox 2097 1739 2172 1784; x_wconf 91' lang='lat' dir='ltr'>dat</span> 
     </span>
     <span class='ocr_line' id='line_1_25' title="bbox 225 1800 2169 1869; baseline -0.001 -17"><span class='ocrx_word' id='word_1_239' title='bbox 225 1805 434 1852; x_wconf 72' lang='lat' dir='ltr'>freherus</span> <span class='ocrx_word' id='word_1_240' title='bbox 461 1821 503 1869; x_wconf 92' lang='lat' dir='ltr'>p.</span> <span class='ocrx_word' id='word_1_241' title='bbox 538 1811 787 1868; x_wconf 70' lang='lat'>244-246.</span> <span class='ocrx_word' id='word_1_242' title='bbox 894 1808 1038 1852; x_wconf 82' lang='lat' dir='ltr'>Eman.</span> <span class='ocrx_word' id='word_1_243' title='bbox 1075 1800 1407 1867; x_wconf 65' lang='lat' dir='ltr'>schelstratenus</span> <span class='ocrx_word' id='word_1_244' title='bbox 1439 1806 1494 1851; x_wconf 90' lang='lat' dir='ltr'>ad</span> <span class='ocrx_word' id='word_1_245' title='bbox 1532 1805 1706 1856; x_wconf 87' lang='lat' dir='ltr'>Concil.</span> <span class='ocrx_word' id='word_1_246' title='bbox 1747 1806 1959 1853; x_wconf 86' lang='lat' dir='ltr'>Antioch.</span> <span class='ocrx_word' id='word_1_247' title='bbox 2002 1802 2091 1851; x_wconf 82' lang='lat' dir='ltr'>diff</span> <span class='ocrx_word' id='word_1_248' title='bbox 2121 1820 2169 1862; x_wconf 85' lang='lat'>4.</span> 
     </span>
     <span class='ocr_line' id='line_1_26' title="bbox 229 1866 2171 1940; baseline -0.001 -20"><span class='ocrx_word' id='word_1_249' title='bbox 229 1891 264 1920; x_wconf 93' lang='lat' dir='ltr'>c.</span> <span class='ocrx_word' id='word_1_250' title='bbox 294 1886 369 1931; x_wconf 84' lang='lat'>13.</span> <span class='ocrx_word' id='word_1_251' title='bbox 407 1889 452 1937; x_wconf 87' lang='lat' dir='ltr'>p.</span> <span class='ocrx_word' id='word_1_252' title='bbox 476 1886 591 1935; x_wconf 82' lang='lat'>425.</span> <span class='ocrx_word' id='word_1_253' title='bbox 622 1871 708 1936; x_wconf 88' lang='lat' dir='ltr'>seq.</span> <span class='ocrx_word' id='word_1_254' title='bbox 732 1889 774 1919; x_wconf 92' lang='lat' dir='ltr'>et</span> <span class='ocrx_word' id='word_1_255' title='bbox 797 1873 943 1940; x_wconf 75' lang='lat' dir='ltr'>Joſsph.</span> <span class='ocrx_word' id='word_1_256' title='bbox 967 1874 1223 1938; x_wconf 77' lang='lat' dir='ltr'>Binghamus</span> <span class='ocrx_word' id='word_1_257' title='bbox 1255 1874 1424 1935; x_wconf 87' lang='lat' dir='ltr'>origin.</span> <span class='ocrx_word' id='word_1_258' title='bbox 1454 1869 1603 1921; x_wconf 88' lang='lat' dir='ltr'>eccles.</span> <span class='ocrx_word' id='word_1_259' title='bbox 1638 1866 1735 1920; x_wconf 84' lang='lat' dir='ltr'>Lib.</span> <span class='ocrx_word' id='word_1_260' title='bbox 1759 1890 1803 1934; x_wconf 88' lang='lat'>9.</span> <span class='ocrx_word' id='word_1_261' title='bbox 1843 1891 1866 1920; x_wconf 91' lang='lat' dir='ltr'>c</span> <span class='ocrx_word' id='word_1_262' title='bbox 1891 1888 1944 1933; x_wconf 82' lang='lat'>7.</span> <span class='ocrx_word' id='word_1_263' title='bbox 2005 1871 2171 1931; x_wconf 74' lang='lat' dir='ltr'>versio·</span> 
     </span>
     <span class='ocr_line' id='line_1_27' title="bbox 226 1938 2172 2006; baseline -0.001 -17"><span class='ocrx_word' id='word_1_264' title='bbox 226 1943 296 1989; x_wconf 87' lang='lat' dir='ltr'>nis</span> <span class='ocrx_word' id='word_1_265' title='bbox 320 1942 503 1990; x_wconf 85' lang='lat' dir='ltr'>Latinae</span> <span class='ocrx_word' id='word_1_266' title='bbox 524 1943 581 1986; x_wconf 92' lang='lat' dir='ltr'>T.</span> <span class='ocrx_word' id='word_1_267' title='bbox 609 1955 645 2000; x_wconf 86' lang='lat'>3.</span> <span class='ocrx_word' id='word_1_268' title='bbox 689 1958 734 2005; x_wconf 86' lang='lat' dir='ltr'>p.</span> <span class='ocrx_word' id='word_1_269' title='bbox 759 1949 863 1999; x_wconf 83' lang='lat'>568.</span> <span class='ocrx_word' id='word_1_270' title='bbox 941 1938 1078 1988; x_wconf 84' lang='lat' dir='ltr'>Hisce</span> <span class='ocrx_word' id='word_1_271' title='bbox 1111 1942 1242 1988; x_wconf 86' lang='lat' dir='ltr'>addas</span> <span class='ocrx_word' id='word_1_272' title='bbox 1265 1944 1500 1988; x_wconf 77' lang='lat' dir='ltr'>Andronici</span> <span class='ocrx_word' id='word_1_273' title='bbox 1523 1943 1760 2006; x_wconf 76' lang='lat' dir='ltr'>Palaeologi</span> <span class='ocrx_word' id='word_1_274' title='bbox 1788 1944 2080 2005; x_wconf 80' lang='lat' dir='ltr'>Imperatoris</span> <span class='ocrx_word' id='word_1_275' title='bbox 2099 1957 2172 1987; x_wconf 80' lang='lat' dir='ltr'>ex·</span> 
     </span>
    </p>
   </div>
   <div class='ocr_carea' id='block_1_3' title="bbox 226 2006 2260 2075">
    <p class='ocr_par' dir='ltr' id='par_1_3' title="bbox 226 2006 2260 2075">
     <span class='ocr_line' id='line_1_28' title="bbox 226 2006 2260 2075; baseline 0 -20"><span class='ocrx_word' id='word_1_276' title='bbox 226 2006 496 2075; x_wconf 75' lang='lat' dir='ltr'>politionem</span> <span class='ocrx_word' id='word_1_277' title='bbox 520 2024 700 2062; x_wconf 86' lang='lat' dir='ltr'>nouam,</span> <span class='ocrx_word' id='word_1_278' title='bbox 748 2009 1042 2072; x_wconf 81' lang='lat' dir='ltr'>quaelegitur</span> <span class='ocrx_word' id='word_1_279' title='bbox 1061 2011 1108 2055; x_wconf 87' lang='lat' dir='ltr'>in</span> <span class='ocrx_word' id='word_1_280' title='bbox 1130 2010 1247 2056; x_wconf 89' lang='lat' dir='ltr'>calce</span> <span class='ocrx_word' id='word_1_281' title='bbox 1269 2009 1476 2056; x_wconf 85' lang='lat' dir='ltr'>chronici</span> <span class='ocrx_word' id='word_1_282' title='bbox 1506 2006 1708 2055; x_wconf 83' lang='lat' dir='ltr'>ecclesiae</span> <span class='ocrx_word' id='word_1_283' title='bbox 1728 2026 1921 2070; x_wconf 83' lang='lat' dir='ltr'>graecae,</span> <span class='ocrx_word' id='word_1_284' title='bbox 1965 2010 2172 2056; x_wconf 75' lang='lat' dir='ltr'>adornati</span> <span class='ocrx_word' id='word_1_285' title='bbox 2254 2033 2260 2035; x_wconf 92' lang='lat'>·</span> 
     </span>
    </p>
   </div>
   <div class='ocr_carea' id='block_1_4' title="bbox 227 2071 2233 2874">
    <p class='ocr_par' dir='ltr' id='par_1_4' title="bbox 227 2071 2250 2874">
     <span class='ocr_line' id='line_1_29' title="bbox 229 2071 2233 2142; baseline -0 -18"><span class='ocrx_word' id='word_1_286' title='bbox 229 2093 253 2124; x_wconf 83' lang='lat' dir='ltr'>a</span> <span class='ocrx_word' id='word_1_287' title='bbox 277 2075 391 2123; x_wconf 89' lang='lat' dir='ltr'>Phil.</span> <span class='ocrx_word' id='word_1_288' title='bbox 418 2079 608 2140; x_wconf 87' lang='lat' dir='ltr'>Cyprio,</span> <span class='ocrx_word' id='word_1_289' title='bbox 639 2092 683 2124; x_wconf 90' lang='lat' dir='ltr'>et</span> <span class='ocrx_word' id='word_1_290' title='bbox 715 2075 884 2141; x_wconf 74' lang='lat' dir='ltr'>Lipsiae</span> <span class='ocrx_word' id='word_1_291' title='bbox 919 2080 1056 2138; x_wconf 84' lang='lat'><strong>¹687·</strong></span> <span class='ocrx_word' id='word_1_292' title='bbox 1095 2086 1138 2142; x_wconf 76' lang='lat'>8.</span> <span class='ocrx_word' id='word_1_293' title='bbox 1172 2094 1277 2124; x_wconf 90' lang='lat' dir='ltr'>cura</span> <span class='ocrx_word' id='word_1_294' title='bbox 1299 2072 1555 2123; x_wconf 84' lang='lat' dir='ltr'>Reuerendi</span> <span class='ocrx_word' id='word_1_295' title='bbox 1575 2075 1791 2123; x_wconf 61' lang='lat' dir='ltr'>Dofiioris</span> <span class='ocrx_word' id='word_1_296' title='bbox 1822 2078 2030 2140; x_wconf 86' lang='lat' dir='ltr'>theologi</span> <span class='ocrx_word' id='word_1_297' title='bbox 2049 2080 2168 2123; x_wconf 82' lang='lat' dir='ltr'>Ioan.</span> <span class='ocrx_word' id='word_1_298' title='bbox 2229 2071 2233 2073; x_wconf 8' lang='lat' dir='ltr'>i</span> 
     </span>
     <span class='ocr_line' id='line_1_30' title="bbox 227 2142 2230 2208; baseline 0 -15"><span class='ocrx_word' id='word_1_299' title='bbox 227 2145 398 2193; x_wconf 88' lang='lat' dir='ltr'>Olearii</span> <span class='ocrx_word' id='word_1_300' title='bbox 430 2144 566 2197; x_wconf 89' lang='lat' dir='ltr'>editi,</span> <span class='ocrx_word' id='word_1_301' title='bbox 614 2144 918 2208; x_wconf 86' lang='lat' dir='ltr'>adiungesque</span> <span class='ocrx_word' id='word_1_302' title='bbox 942 2146 1169 2191; x_wconf 85' lang='lat' dir='ltr'>Notitiam</span> <span class='ocrx_word' id='word_1_303' title='bbox 1201 2142 1374 2191; x_wconf 89' lang='lat' dir='ltr'>sedium</span> <span class='ocrx_word' id='word_1_304' title='bbox 1404 2145 1841 2208; x_wconf 76' lang='lat' dir='ltr'>metropoliticarum</span> <span class='ocrx_word' id='word_1_305' title='bbox 1871 2145 2171 2193; x_wconf 83' lang='lat' dir='ltr'>Alexandriae</span> <span class='ocrx_word' id='word_1_306' title='bbox 2214 2165 2230 2186; x_wconf 86' lang='grc'>·-</span> 
     </span>
     <span class='ocr_line' id='line_1_31' title="bbox 228 2208 2171 2279; baseline -0.002 -18"><span class='ocrx_word' id='word_1_307' title='bbox 228 2212 281 2262; x_wconf 84' lang='lat' dir='ltr'>ab</span> <span class='ocrx_word' id='word_1_308' title='bbox 307 2212 510 2274; x_wconf 83' lang='lat' dir='ltr'>Eutychio</span> <span class='ocrx_word' id='word_1_309' title='bbox 530 2213 781 2259; x_wconf 88' lang='lat' dir='ltr'>Patriarcha</span> <span class='ocrx_word' id='word_1_310' title='bbox 818 2210 1041 2279; x_wconf 84' lang='lat' dir='ltr'>scriptam,</span> <span class='ocrx_word' id='word_1_311' title='bbox 1081 2211 1231 2259; x_wconf 88' lang='lat' dir='ltr'>medio</span> <span class='ocrx_word' id='word_1_312' title='bbox 1257 2209 1354 2258; x_wconf 90' lang='lat' dir='ltr'>fere</span> <span class='ocrx_word' id='word_1_313' title='bbox 1382 2208 1554 2258; x_wconf 89' lang='lat' dir='ltr'>saeculo</span> <span class='ocrx_word' id='word_1_314' title='bbox 1586 2212 1786 2266; x_wconf 88' lang='lat' dir='ltr'>decimo,</span> <span class='ocrx_word' id='word_1_315' title='bbox 1823 2230 1956 2277; x_wconf 86' lang='lat' dir='ltr'>quam</span> <span class='ocrx_word' id='word_1_316' title='bbox 1985 2212 2171 2260; x_wconf 81' lang='lat' dir='ltr'>exhibet</span> 
     </span>
     <span class='ocr_line' id='line_1_32' title="bbox 229 2276 2202 2346; baseline -0.001 -16"><span class='ocrx_word' id='word_1_317' title='bbox 229 2295 271 2330; x_wconf 87' lang='lat' dir='ltr'>et</span> <span class='ocrx_word' id='word_1_318' title='bbox 302 2277 489 2328; x_wconf 87' lang='lat' dir='ltr'>illustrat</span> <span class='ocrx_word' id='word_1_319' title='bbox 518 2280 639 2328; x_wconf 86' lang='lat' dir='ltr'>idem</span> <span class='ocrx_word' id='word_1_320' title='bbox 682 2284 948 2343; x_wconf 81' lang='lat' dir='ltr'>Reueregius</span> <span class='ocrx_word' id='word_1_321' title='bbox 979 2282 1028 2327; x_wconf 88' lang='lat' dir='ltr'>in</span> <span class='ocrx_word' id='word_1_322' title='bbox 1067 2282 1207 2327; x_wconf 91' lang='lat' dir='ltr'>Notis</span> <span class='ocrx_word' id='word_1_323' title='bbox 1239 2279 1294 2326; x_wconf 90' lang='lat' dir='ltr'>ad</span> <span class='ocrx_word' id='word_1_324' title='bbox 1321 2282 1584 2343; x_wconf 79' lang='lat' dir='ltr'>Synodicon</span> <span class='ocrx_word' id='word_1_325' title='bbox 1624 2298 1840 2344; x_wconf 87' lang='lat' dir='ltr'>magnum</span> <span class='ocrx_word' id='word_1_326' title='bbox 1868 2299 1913 2346; x_wconf 93' lang='lat' dir='ltr'>p.</span> <span class='ocrx_word' id='word_1_327' title='bbox 1948 2289 2050 2342; x_wconf 80' lang='lat'>148.</span> <span class='ocrx_word' id='word_1_328' title='bbox 2080 2276 2173 2344; x_wconf 69' lang='lat' dir='ltr'>seq-</span> <span class='ocrx_word' id='word_1_329' title='bbox 2195 2308 2202 2314; x_wconf 30' lang='grc' dir='ltr'>ν-</span> 
     </span>
     <span class='ocr_line' id='line_1_33' title="bbox 229 2346 2172 2416; baseline 0.001 -21"><span class='ocrx_word' id='word_1_330' title='bbox 229 2347 441 2410; x_wconf 53' lang='lat' dir='ltr'>Francis&amp;</span> <span class='ocrx_word' id='word_1_331' title='bbox 460 2346 596 2394; x_wconf 87' lang='lat' dir='ltr'>Iacobi</span> <span class='ocrx_word' id='word_1_332' title='bbox 617 2351 766 2414; x_wconf 69' lang='lat' dir='ltr'>ngnii</span> <span class='ocrx_word' id='word_1_333' title='bbox 795 2350 874 2411; x_wconf 88' lang='lat' dir='ltr'>(de</span> <span class='ocrx_word' id='word_1_334' title='bbox 897 2351 1062 2412; x_wconf 84' lang='lat' dir='ltr'>Dig&#39;ne)</span> <span class='ocrx_word' id='word_1_335' title='bbox 1098 2346 1526 2413; x_wconf 86' lang='lat' dir='ltr'>historiographiam</span> <span class='ocrx_word' id='word_1_336' title='bbox 1548 2350 1804 2410; x_wconf 88' lang='lat' dir='ltr'>generalem</span> <span class='ocrx_word' id='word_1_337' title='bbox 1827 2350 2172 2416; x_wconf 74' lang='lat' dir='ltr'>prouinciarum</span> 
     </span>
     <span class='ocr_line' id='line_1_34' title="bbox 229 2410 2227 2478; baseline 0.002 -16"><span class='ocrx_word' id='word_1_338' title='bbox 229 2414 616 2466; x_wconf 79' lang='lat' dir='ltr'>ecclesiasticarum</span> <span class='ocrx_word' id='word_1_339' title='bbox 639 2414 841 2464; x_wconf 85' lang='lat' dir='ltr'>ecclefiae</span> <span class='ocrx_word' id='word_1_340' title='bbox 859 2417 1034 2474; x_wconf 87' lang='lat' dir='ltr'>latinae,</span> <span class='ocrx_word' id='word_1_341' title='bbox 1070 2416 1240 2478; x_wconf 89' lang='lat' dir='ltr'>gallice.</span> <span class='ocrx_word' id='word_1_342' title='bbox 1278 2419 1517 2463; x_wconf 87' lang='lat' dir='ltr'>Auenione</span> <span class='ocrx_word' id='word_1_343' title='bbox 1551 2420 1676 2475; x_wconf 77' lang='lat'><strong>¹7¹6</strong></span> <span class='ocrx_word' id='word_1_344' title='bbox 1731 2415 1812 2465; x_wconf 88' lang='lat' dir='ltr'>fol.</span> <span class='ocrx_word' id='word_1_345' title='bbox 1902 2414 2053 2463; x_wconf 78' lang='lat' dir='ltr'>Labbei</span> <span class='ocrx_word' id='word_1_346' title='bbox 2072 2414 2170 2466; x_wconf 69' lang='lat' dir='ltr'>brer</span> <span class='ocrx_word' id='word_1_347' title='bbox 2219 2410 2227 2416; x_wconf 33' lang='lat'>²</span> 
     </span>
     <span class='ocr_line' id='line_1_35' title="bbox 231 2481 2170 2550; baseline 0 -21"><span class='ocrx_word' id='word_1_348' title='bbox 231 2485 423 2541; x_wconf 77' lang='lat' dir='ltr'>niarium</span> <span class='ocrx_word' id='word_1_349' title='bbox 445 2485 746 2547; x_wconf 87' lang='lat' dir='ltr'>geographiae</span> <span class='ocrx_word' id='word_1_350' title='bbox 770 2481 1035 2549; x_wconf 86' lang='lat' dir='ltr'>episcopalis</span> <span class='ocrx_word' id='word_1_351' title='bbox 1057 2501 1158 2530; x_wconf 91' lang='lat' dir='ltr'>cum</span> <span class='ocrx_word' id='word_1_352' title='bbox 1182 2481 1325 2530; x_wconf 88' lang='lat' dir='ltr'>tribus</span> <span class='ocrx_word' id='word_1_353' title='bbox 1345 2484 1505 2531; x_wconf 88' lang='lat' dir='ltr'>tabulis</span> <span class='ocrx_word' id='word_1_354' title='bbox 1527 2486 1842 2550; x_wconf 86' lang='lat' dir='ltr'>geographicis</span> <span class='ocrx_word' id='word_1_355' title='bbox 1855 2485 2040 2531; x_wconf 89' lang='lat' dir='ltr'>Nieolai</span> <span class='ocrx_word' id='word_1_356' title='bbox 2061 2487 2170 2530; x_wconf 84' lang='lat' dir='ltr'>San-</span> 
     </span>
     <span class='ocr_line' id='line_1_36' title="bbox 232 2545 2197 2616; baseline 0.002 -23"><span class='ocrx_word' id='word_1_357' title='bbox 232 2545 336 2601; x_wconf 47' lang='lat' dir='ltr'>son.</span> <span class='ocrx_word' id='word_1_358' title='bbox 359 2552 482 2612; x_wconf 87' lang='lat' dir='ltr'>quod</span> <span class='ocrx_word' id='word_1_359' title='bbox 510 2569 614 2598; x_wconf 86' lang='lat' dir='ltr'>cum</span> <span class='ocrx_word' id='word_1_360' title='bbox 645 2552 793 2599; x_wconf 89' lang='lat' dir='ltr'>indice</span> <span class='ocrx_word' id='word_1_361' title='bbox 823 2551 1123 2599; x_wconf 88' lang='lat' dir='ltr'>conciliorum</span> <span class='ocrx_word' id='word_1_362' title='bbox 1152 2567 1242 2615; x_wconf 64' lang='lat' dir='ltr'>per,</span> <span class='ocrx_word' id='word_1_363' title='bbox 1269 2567 1414 2616; x_wconf 83' lang='lat' dir='ltr'>partes</span> <span class='ocrx_word' id='word_1_364' title='bbox 1448 2552 1572 2599; x_wconf 85' lang='lat' dir='ltr'>orbis</span> <span class='ocrx_word' id='word_1_365' title='bbox 1598 2567 1821 2600; x_wconf 88' lang='lat' dir='ltr'>terrarum</span> <span class='ocrx_word' id='word_1_366' title='bbox 1858 2549 2080 2599; x_wconf 62' lang='lat' dir='ltr'>adieRum</span> <span class='ocrx_word' id='word_1_367' title='bbox 2109 2546 2197 2597; x_wconf 47' lang='lat' dir='ltr'>est&#39;*</span> 
     </span>
     <span class='ocr_line' id='line_1_37' title="bbox 232 2618 2170 2686; baseline 0.002 -25"><span class='ocrx_word' id='word_1_368' title='bbox 232 2618 390 2661; x_wconf 80' lang='lat' dir='ltr'>Tomo</span> <span class='ocrx_word' id='word_1_369' title='bbox 432 2622 502 2665; x_wconf 66' lang='grc'>18.</span> <span class='ocrx_word' id='word_1_370' title='bbox 541 2619 920 2674; x_wconf 50' lang='lat' dir='ltr'>condumum...</span> <span class='ocrx_word' id='word_1_371' title='bbox 954 2621 1012 2665; x_wconf 93' lang='lat' dir='ltr'>Et</span> <span class='ocrx_word' id='word_1_372' title='bbox 1039 2619 1235 2665; x_wconf 83' lang='lat' dir='ltr'>indicem</span> <span class='ocrx_word' id='word_1_373' title='bbox 1267 2621 1637 2685; x_wconf 88' lang='lat' dir='ltr'>Geographicum</span> <span class='ocrx_word' id='word_1_374' title='bbox 1670 2618 2010 2686; x_wconf 86' lang='lat' dir='ltr'>episcopatuum</span> <span class='ocrx_word' id='word_1_375' title='bbox 2042 2632 2170 2666; x_wconf 89' lang='lat' dir='ltr'>tomo</span> 
     </span>
     <span class='ocr_line' id='line_1_38' title="bbox 236 2679 2170 2753; baseline 0.003 -26"><span class='ocrx_word' id='word_1_376' title='bbox 236 2681 398 2729; x_wconf 87' lang='lat' dir='ltr'>vltimo</span> <span class='ocrx_word' id='word_1_377' title='bbox 424 2684 722 2731; x_wconf 86' lang='lat' dir='ltr'>conciliorum</span> <span class='ocrx_word' id='word_1_378' title='bbox 757 2687 1325 2734; x_wconf 74' lang='lat' dir='ltr'>editionis&#39;Harduinianae</span> <span class='ocrx_word' id='word_1_379' title='bbox 1355 2685 1631 2741; x_wconf 60' lang='lat' dir='ltr'>subiePcum‚</span> <span class='ocrx_word' id='word_1_380' title='bbox 1679 2691 1755 2753; x_wconf 89' lang='lat' dir='ltr'>qui</span> <span class='ocrx_word' id='word_1_381' title='bbox 1776 2688 1962 2752; x_wconf 86' lang='lat' dir='ltr'>quidem</span> <span class='ocrx_word' id='word_1_382' title='bbox 1990 2679 2170 2733; x_wconf 52' lang='lat' dir='ltr'>subsidi*</span> 
     </span>
     <span class='ocr_line' id='line_1_39' title="bbox 231 2747 2168 2825; baseline 0.002 -26"><span class='ocrx_word' id='word_1_383' title='bbox 231 2764 325 2815; x_wconf 62' lang='lat' dir='ltr'>pm.</span> <span class='ocrx_word' id='word_1_384' title='bbox 342 2747 405 2820; x_wconf 66' lang='lat' dir='ltr'>est</span> <span class='ocrx_word' id='word_1_385' title='bbox 422 2748 713 2825; x_wconf 54' lang='lat' dir='ltr'>,illustrandae</span> <span class='ocrx_word' id='word_1_386' title='bbox 742 2756 1220 2820; x_wconf 83' lang='lat' dir='ltr'>geographiae-veteri</span> <span class='ocrx_word' id='word_1_387' title='bbox 1251 2754 1557 2808; x_wconf 81' lang='lat' dir='ltr'>ecclefiasticae</span> <span class='ocrx_word' id='word_1_388' title='bbox 1586 2754 1726 2823; x_wconf 84' lang='lat' dir='ltr'>longe</span> <span class='ocrx_word' id='word_1_389' title='bbox 1751 2752 2168 2824; x_wconf 75' lang='lat' dir='ltr'>praeclariffimum.</span> 
     </span>
     <span class='ocr_line' id='line_1_40' title="bbox 1635 2823 2165 2874; baseline -0.008 0"><span class='ocrx_word' id='word_1_390' title='bbox 1635 2855 1637 2859; x_wconf 94' lang='lat'>·</span> <span class='ocrx_word' id='word_1_391' title='bbox 1961 2823 2165 2874; x_wconf 64' lang='lat' dir='ltr'>Neritias</span> 
     </span>
    </p>
   </div>
  </div>
 </body>
</html>
