2263 3027
197 86 300 174 '694
367 107 516 161 CAP.
552 110 692 162 XIV.
764 108 1033 164 IVDICES
1081 107 1838 177 AECHMALOTARCHAE
1874 127 1968 165 etc.

333 236 411 281 IV.
453 236 522 280 De
549 233 950 288 Aeehmalotarchis,
991 233 1327 301 Echnarchisque
1369 236 1667 292 Iudaeorum,
1716 234 1772 283 de
1800 239 2070 286 Patriarchis
2097 255 2141 288 et

196 299 483 355 Friniatibus,
531 304 609 366 qui
636 302 736 367 post
767 305 1073 370 captiuitatem
1094 301 1220 352 fuere
1240 340 1251 359 ,
1298 302 1500 352 consules
1533 319 1710 369 praeter
1737 301 1979 370 scriptores
2009 303 2142 371 supra

197 383 239 432 P·
260 378 352 430 643
369 384 411 414 et
424 375 531 433 644.
552 371 749 419 laudatos
770 373 998 421 Samuelem
1021 375 1209 420 Petitum
1230 374 1305 420 lib.
1329 390 1370 422 2.
1395 390 1484 421 var.
1511 371 1758 420 leffionum
1782 383 1909 424 cito.
1940 387 1982 421 et
2003 375 2078 422 lib.
2103 392 2146 436 3.

197 438 290 480 var.
317 433 681 498 obseruationum
714 458 749 488 c.
775 459 817 501 3.
875 439 1068 489 Iacobum
1093 443 1371 506 Godofredum
1390 442 1444 488 ad
1467 442 1668 488 codicem
1692 441 2062 490 Theodofianum
2084 443 2143 489 de
2228 492 2231 494 ,
2256 490 2261 496 ,

197 502 371 551 Iudaeis
395 521 438 551 et
461 507 726 566 Coelicolis,
765 514 967 556 Grotium
988 527 1026 560 c.
1057 525 1125 560 ιο.
1148 510 1203 557 de
1225 512 1420 575 imperio
1439 507 1714 557 summarum
1741 509 2009 574 potestatum
2030 513 2146 557 circa

197 567 312 617 sacra
335 581 435 636 pag.
453 589 564 632 272.
642 576 832 625 Iacobum
857 577 1143 642 Rhenserdum
1163 577 1328 627 differt.
1356 580 1409 625 de
1432 577 1684 634 Arabarcha
1714 578 1789 625 vel
1807 580 2059 626 Ethnarcha
2081 581 2150 624 Iu-

199 639 440 696 daeorum,
476 646 698 708 Franequ.
729 662 871 705 1702.
893 661 936 697 et
957 648 1004 691 in
1031 648 1124 692 eius
1154 646 1368 712 operibus
1391 646 1682 711 philologieis
1706 663 1748 711 p.
1769 655 1875 710 584.
1953 645 2146 694 Iacobum

198 709 413 753 Cuiacium
434 707 802 773 obseruationum
832 713 905 762 lib.
930 722 970 770 8.
1002 731 1096 778 cap.
1123 730 1199 774 37.
1272 718 1480 762 Simonem
1507 714 1669 775 Bofizmz
1692 716 1744 760 ad
1778 714 1855 763 lib.
1880 727 1924 764 2.
1955 718 2038 779 Ep.
2069 729 2145 772 17.

200 776 292 820 Cic.
322 776 375 822 ad
394 779 524 826 Attic.
546 783 550 787 ”
603 781 845 829 Turnebum
857 780 1087 830 Aduersar.
1100 784 1285 831 XXVII.
1302 800 1374 837 ας.
1449 785 1682 828 Henricmn
1697 783 1893 844 ls'alefium
1915 783 1969 828 ad
1988 779 2148 829 Euseb.

198 846 261 888 H.
292 845 339 888 E.
373 849 424 891 L.
442 848 493 895 ΙΙ.
522 850 572 895 C.
600 864 644 910 ς.
711 850 1240 914 Βίοιῃῷιιηῖῦοάοῇεᾱιιηι
1259 851 1311 897 ad
1334 855 1385 901 L.
1399 853 1449 896 X.
1470 851 1581 898 Cod.
1603 851 1657 896 de
1680 849 1998 912 VeffigalibuS.
2044 853 2150 897 -Eu·

185 908 351 971 fibium
368 915 667 962 Renaudotum
689 920 737 964 in
767 919 1129 965 annotationibus
1150 919 1204 966 ad
1231 934 1429 965 veterem
1451 920 1715 965 relationem
1741 920 1794 965 de
1823 921 1983 965 itinere
2004 919 2050 964 in
2073 921 2145 964 In·

198 978 319 1025 diam
342 982 625 1046 Chinamque
647 1002 688 1049 p.
717 1000 803 1046 331
835 983 928 1049 sqq.
998 989 1109 1033 Ioan.
1137 985 1233 1035 Tol).
1254 986 1471 1048 Krebsium
1504 983 1720 1033 obseruat.
1743 989 1790 1032 in
1815 990 1875 1031 N.
1895 991 1953 1032 T.
1987 1003 2011 1032 e
2033 983 2147 1033 Iose-

197 1046 296 1110 pho
319 1065 361 1111 p.
380 1063 470 1112 315
498 1065 540 1096 et
567 1062 676 1114 31‘6.
751 1057 863 1101 Ioan.
886 1055 1015 1102 Gottl.
1043 1057 1253 1115 Heym'um
1272 1053 1390 1099 binis
1414 1052 1790 1100 dissertationibus
1812 1054 1866 1100 de
1887 1055 2143 1101 Ethnarcha

198 1118 362 1162 Aretae
392 1117 592 1164 Arabum
623 1122 741 1180 regis
773 1121 937 1167 Paullo·
955 1120 1176 1185 Apostolo
1217 1119 1463 1167 insidiante.
1508 1120 1691 1166 Witteb.
1731 1137 1868 1183 1755.
1907 1138 1948 1168 et
1994 1122 2146 1169 Celeb.

199 1183 313 1231 Ioan.
332 1186 438 1232 Ern.
460 1187 576 1232 Imm.
608 1188 830 1234 Walchium
849 1190 1053 1251 antiquit.
1075 1185 1332 1235 Damascen.
1353 1206 1397 1253 p.
1420 1197 1495 1243 28.
1521 1186 1714 1234 Nobiles
1735 1190 1782 1234 in
1806 1189 2035 1253 republica
2058 1195 2148 1237 He-

198 1248 328 1298 braea
360 1252 476 1298 nulli
508 1252 588 1300 nisi
617 1273 640 1301 a
666 1255 884 1317 dignitate
917 1254 1189 1314 officiorum.
1261 1257 1378 1303 Vide
1403 1260 1557 1302 Franc.
1580 1256 2146 1305 Wokeniissibliothecam

198 1334 243 1380 p.
265 1332 362 1379 425
384 1316 478 1383 sqq.
546 1325 617 1369 De
641 1326 740 1370 ciue
773 1326 821 1370 in
851 1324 1081 1389 republica
1112 1324 1430 1372 Hebraeorum
1459 1323 1595 1371 exstat
1627 1322 1867 1371 differtatio
1896 1326 2146 1373 Bernhardi

188 1400 295 1448 ¹von
315 1389 504 1435 Sanden.
526 1392 822 1453 Regiomonti
850 1410 866 1441 1
881 1401 977 1448 689
1006 1394 1221 1456 euulgata.
1460 1404 1463 1407 ’

337 1455 512 1503 Iudaeis
529 1459 734 1507 Catholici
759 1455 1038 1531 (ppffffinp)
1069 1477 1289 1509 vocantur
1314 1459 1544 1524 generales
1567 1461 1726 1508 vicarii
1745 1457 1975 1508 Pontificis
2009 1461 2148 1508 maxi-

198 1521 265 1569 mi
287 1518 366 1569 sub
395 1527 586 1587 Sagane,
610 1542 674 1574 >vt
695 1546 720 1576 e
740 1530 1029 1576 Maimonide
1057 1547 1236 1595 praeter
1257 1530 1365 1577 alios
1387 1526 1674 1593 obseruatum
1699 1531 1909 1575 Thomae
1940 1528 2146 1576 Reinefio

199 1587 262 1636 est
279 1589 415 1656 Epist.
437 1594 493 1640 ad
515 1593 747 1643 Vox-stium
765 1614 867 1662 pag.
898 1610 969 1647 12.
1035 1598 1166 1657 Adde
1188 1599 1419 1645 Mishnam
1438 1596 1696 1644 Surenhusii
1716 1613 1826 1644 tom.
1851 1614 1892 1645 2.
1914 1614 2014 1661 pag.
2042 1611 2147 1660 193.
2210 1622 2214 1625 ·

200 1661 301 1720 Qu
321 1661 496 1708 ratione
527 1665 658 1710 etiarn
683 1665 946 1712 Christianis
974 1668 1022 1712 in
1053 1665 1151 1715 Afia
1179 1682 1222 1713 et
1248 1662 1402 1713 Africa
1427 1667 1642 1713 Primates
1668 1667 1858 1730 quidam
1892 1667 2146 1727 Catholico-

201 1742 303 1771 rum
327 1731 515 1776 nomine
533 1733 737 1779 veniunt.
810 1734 928 1779 Vide
949 1737 1080 1780 W.E.
1104 1734 1332 1781 Tentzelii
1355 1734 1558 1794 dialogos
1582 1734 1851 1778 vernaculos
1864 1733 1976 1776 ‘anni
2003 1742 2142 1792 1691.

201 1808 248 1855 p-
271 1798 367 1853 296
391 1793 449 1858 sq.
475 1797 555 1844 vbi
582 1801 637 1846 de
658 1802 891 1848 Catholico
922 1799 1165 1848 Musulenfi
1192 1800 1497 1863 Babylonica,
1534 1815 1577 1845 et
1598 1800 1818 1859 Cangium
1842 1798 1888 1842 in
1923 1796 2145 1865 glossario,

200 1875 316 1906 voce
339 1865 582 1912 Catholicus.
655 1868 738 1913 Sed
759 1884 804 1914 et
823 1870 1050 1930 generales
1079 1883 1394 1932 procuratores
1423 1864 1513 1912 fiue
1539 1866 1775 1911 rationales
1804 1866 2031 1911 redituum
2060 1869 2144 1912 [m-

202 1931 446 1990 permotis,
493 1930 637 1978 difiios
666 1931 794 1981 fuisse
825 1936 1085 1983 Catholicos
1116 1949 1272 1981 notant
1299 1935 1501 1979 Petauius
1533 1933 1587 1978 ad
1620 1931 1755 1996 Epist.
1797 1943 1835 1983 8.
1875 1933 2056 1986 Iuliani,
2098 1948 2142 1980 et

201 1993 463 2043 Pearsonius
483 1999 534 2045 ad
557 1997 815 2063 symbolum
841 2002 995 2066 Apost.
1030 2018 1073 2065 p.
1096 2009 1207 2050 610.
1276 2001 1364 2048 Sed
1390 2017 1440 2046 vt
1461 2000 1512 2046 ad
1539 2000 1772 2047 Hebraeos
1797 2001 2052 2054 redeamus,
2085 2002 2145 2048 de-

190 2063 346 2124 stribis
371 2066 552 2131 politicis
575 2070 746 2114 mentio
777 2072 973 2116 occurrit
993 2068 1214 2115 Affiorum
1239 2070 1353 2116 XIX.
1382 2083 1456 2128 35.
1491 2070 1562 2114 cui
1583 2069 1684 2113 loco
1711 2068 1844 2114 addes
1868 2067 1945 2115 vbi
1969 2069 2141 2116 lubebit

202 2134 515 2180 Marshamum
534 2152 578 2200 p.
602 2143 677 2198 36.
698 2139 895 2185 Canoms
919 2138 1147 2189 chronici,
1185 2135 1396 2181 Drusium
1417 2136 1471 2181 ad
1500 2155 1516 2182 1
1546 2136 1742 2184 Maccab.
1768 2141 1822 2183 V.
1846 2150 1923 2195 42.
1976 2139 2138 2183 Ezech.

202 2201 525 2262 spanhemium
552 2203 733 2267 epistola
755 2201 942 2252 secunda
963 2204 1016 2251 ad
1035 2205 1260 2250 Andre-am
1297 2203 1567 2257 Motellum‚
1615 2208 1831 2250 loannem
1847 2206 2137 2250 Lomeierum

203 2283 328 2330 parte
348 2269 522 2325 dierum
550 2273 793 2333 genialium
816 2271 910 2321 diff.
936 2291 978 2328 9.
1000 2288 1042 2319 et
1071 2272 1323 2319 Antonium
1351 2288 1438 2319 van
1474 2273 1585 2320 Dale
1616 2269 1710 2319 diff.
1734 2276 1787 2321 V.
1818 2272 1873 2319 de
1904 2273 2139 2336 antiquita-

204 2336 319 2383 tibus
341 2355 394 2384 ex
421 2340 724 2387 marmoribus
743 2340 971 2388 illustratis
984 2357 1030 2407 p.
1055 2352 1170 2403 425.
1224 2336 1230 2340 ’
1568 2351 1577 2383 l

343 2474 400 2521 V.
437 2479 508 2523 De
529 2478 863 2542 Aegyptiorum
888 2477 1047 2542 politia
1065 2489 1202 2537 agunt
1221 2471 1499 2531 Herodotus,
1531 2476 1688 2523 Strabo
1711 2479 1841 2537 XVII
1863 2474 1994 2529 libro,
2025 2479 2147 2524 Dio-i

207 2538 342 2586 dorus
361 2544 561 2592 Siculus:
603 2535 746 2608 ’arque
778 2563 801 2593 e
834 2545 1158 2593 recentioribus
1195 2544 1452 2592 Athanasius
1484 2547 1724 2592 Kircherus
1745 2549 1880 2590 Tom.
1912 2559 1943 2590 1.
1966 2546 2136 2610 Oedipi

206 2611 485 2670 Aegyptiaci.
559 2615 865 2668 Marsliamus‚
906 2612 1106 2666 walins,
1142 2627 1186 2659 et
1208 2614 1252 2658 in
1287 2612 1384 2661 hist.
1405 2609 1889 2660 vniuersalissoffuetus
1918 2626 1997 2658 etc.
2067 2617 2139 2660 Iu-

206 2675 402 2720 cundum
426 2680 554 2724 ctiam
582 2683 679 2726 Viri
700 2681 865 2728 Clariff.
898 2686 959 2734 Io.
982 2683 1161 2729 Braunii
1190 2678 1418 2727 somnium
1451 2683 1508 2730 de
1528 2682 1656 2728 Delta
1679 2682 1958 2742 Aegypti-aco
1990 2681 2064 2727 lib.
2092 2697 2134 2739 ς,

205 2740 403 2790 ξεὶεῑξὶοικ
427 2740 583 2791 sacros.
604 2750 758 2797 Exere.
781 2766 815 2812 4
856 2767 947 2814 quo
967 2755 1231 2815 Aegyptum
1265 2767 1367 2797 cum
1388 2751 1565 2812 Belgio,
1598 2745 1816 2812 Pelusium
1840 2766 1940 2795 curn
1963 2748 2136 2796 Amste·

1147 2830 1149 2832 ’
1187 2812 1200 2846 ἳ
1937 2818 2137 2868 ,iodamo
