2263 3027
819 129 1302 184 ROMANORVM.
1935 143 1998 195 74
2010 146 2036 197 ς

0 314 5 315 ⁷
42 264 45 265 ⁷
81 260 177 310 —ieti
205 260 443 310 Duacensis
465 264 498 310 Ι.
522 261 571 310 C.
595 259 776 309 historia
796 255 886 307 fori
905 260 1099 306 Romani
1120 274 1222 307 cum
1245 253 1440 305 auEiario
1459 254 1575 304 Phil.
1599 255 1804 305 Broidaei
1823 254 2035 318 Ariensis,

69 332 195 379 *eius
214 333 394 392 generi,
430 332 574 379 lucem
609 327 778 394 aspexit
806 324 934 374 Frfti.
973 331 1108 386 1676.
1135 336 1176 383 8.
1206 342 1249 374 et
1278 337 1566 390 quaecunque
1587 324 1650 382 *ad
1676 325 1765 371 hoc
1798 341 2034 386 argumen-

98 414 194 445 tum
218 397 414 463 spessant
434 416 527 446 non
552 393 772 444 incuriose
798 391 1101 460 persequitur,
1138 397 1209 442 cui
1241 395 1440 442 addenda
1469 390 1591 449 sunt,
1636 410 1747 457 quae
1779 391 2033 441 Obseruauit

96 467 312 513 Barnabas
339 464 577 514 Briffonius
600 463 675 511 lib.
699 477 740 512 2.
765 464 970 526 antiquit.
990 465 1099 510 iuris
1126 481 1161 511 c.
1186 479 1206 510 1
1232 460 1293 526 sq.
1370 466 1523 509 Petrus
1546 462 1799 515 Aerodius,
1835 462 1883 508 in
1911 459 2033 508 libro

96 533 151 579 de
172 534 466 596 publicorum
485 533 762 580 iudiciorum'
787 531 972 586 ordine,
1011 546 1053 578 et
1074 533 1119 577 in
1139 528 1368 577 Pandeffls
1403 545 1557 576 rerum
1586 529 1875 575 iudicatarum
1891 563 1901 582 ‚
1932 543 2034 576 tum

96 599 220 665 Casp.
242 603 488 664 Zieglerus‚
523 597 889 661 Wittebergenfis
923 599 1151 663 quondam
1175 599 1436 645 Academiae
1460 598 1616 651 decus,
1649 599 1695 642 in
1723 593 1798 642 sua
1815 594 2032 647 Dicastice

93 683 137 714 et
166 668 440 717 Rabulistica.
509 668 694 715 Carolus
718 672 872 714 Bretus
903 669 1011 713 item
1045 668 1091 712 in
1125 666 1283 712 ordine
1320 667 1586 730 perantiquo
1621 665 1892 719 iudiciorum
1925 664 2033 710 ciui-

93 737 219 785 lium.
245 734 372 785 Paris.
401 743 537 799 1604.
560 751 605 796 4.
628 735 749 781 edito
772 751 813 781 et
833 732 985 781 recuso
1009 738 1065 781 T.
1083 749 1122 781 2.
1143 731 1334 780 thesauri
1349 734 1635 795 Salengriani.
1707 735 1774 780 M.
1803 732 2033 779 Antonius

91 806 318 851 Ferrarius
347 820 392 868 p.
415 820 443 862 4
467 801 560 866 sqq.
579 802 902 868 Epistolarum,
937 801 1017 848 vbi
1048 802 1103 849 de
1122 800 1270 848 forma
1302 802 1571 847 iudiciorum
1595 803 1903 847 Romanorum
1927 799 2030 860 agit.

70 875 214 922 [Ioan.
235 871 467 935 Rudolphi
487 868 603 917 Iselii
639 870 788 917 breuis
818 873 1130 916 Romanorum
1156 870 1427 916 iudiciorum
1453 867 1646 914 historia.
1669 866 1789 916 Bafil.
1821 881 1958 926 1722.
1983 877 2030 927 4.

93 938 351 1004 Christoph.
375 936 556 985 Cellarii
585 936 825 985 dissertatio
853 935 1001 984 sistens
1034 934 1286 1003 processum
1318 940 1351 983 I.
1377 939 1427 982 R.
1460 939 1708 998 antiquum.
1732 935 1872 981 Halae
1902 942 2027 992 1698

90 1007 258 1061 habita,
295 1021 338 1053 et
361 1005 470 1053 ibid.
497 1020 639 1068 1705.
664 1024 765 1053 cum
788 1021 1028 1068 augmento
1059 1002 1229 1058 recusa,
1266 1018 1308 1052 et
1330 1002 1513 1050 Fabiani
1535 1004 1762 1050 Toerneri
1787 999 1950 1047 differt.
1974 1000 2029 1047 de

89 1075 265 1122 iudiciis
284 1073 450 1139 public.
467 1089 554 1122 vet.
576 1078 888 1121 Romanorum
909 1071 1057 1138 Vpsal.
1087 1087 1225 1133 1722.
1252 1080 1293 1128 8.
1352 1075 1473 1118 Ioan.
1503 1074 1673 1132 Georg.
1702 1071 1887 1117 Gracuii
1904 1083 2029 1132 prae.

89 1139 304 1189 leffiones
325 1142 378 1204 de
402 1142 672 1189 iudiciorum
697 1145 1008 1189 Romanorum
1036 1143 1219 1193 ordine,
1259 1157 1366 1202 quas
1397 1139 1470 1186 edi
1493 1153 1616 1203 optat
1647 1142 1768 1185 Ioan.
1790 1136 2028 1200 Philippus

88 1211 324 1272 Sleuogtus
345 1212 391 1256 in
413 1211 585 1258 erudita
608 1207 700 1258 diff.
725 1209 780 1257 de
810 1212 855 1256 in
886 1212 953 1256 ius
976 1212 1215 1256 vocatione
1245 1211 1423 1272 antiqua
1449 1222 1492 1254 et
1516 1224 1632 1254 noua
1663 1210 1793 1253 lenae
1823 1218 1959 1266 1705.
1979 1217 2028 1266 4.

87 1294 171 1324 nec
192 1278 297 1323 dum
311 1309 322 1330 ‚
353 1278 477 1339 'quod
498 1278 760 1334 dolendum,
797 1278 1010 1325 viderunt
1029 1278 1187 1324 lucem.
1261 1277 1428 1323 Iudicia
1448 1275 1671 1339 equitibus
1690 1272 1879 1321 restituit
1896 1275 2027 1318 Pom-

87 1346 216 1408 peius
239 1346 284 1389 in
307 1341 535 1389 consulatu
555 1342 656 1398 su03
689 1345 951 1390 Plutarchus
971 1347 1018 1390 in
1039 1345 1258 1408 Pompeio
1284 1361 1327 1408 p.
1351 1351 1461 1400 630.
1487 1348 1539 1389 A.
1616 1346 1686 1388 De
1709 1340 1907 1387 iudicum
1931 1341 2024 1384 Ro-

88 1427 262 1457 manor.
297 1410 490 1455 decuriis
524 1408 873 1456 dissertationem
905 1411 1131 1471 euulgauit
1157 1416 1276 1456 Ioan.
1307 1409 1427 1456 Tob.
1451 1407 1654 1455 Krebsius
1685 1406 1856 1472 Lipsiae
1881 1419 2021 1469 1744.

89 1479 340 1525 Sententiae
363 1478 410 1523 in
440 1477 616 1523 iudiciis
644 1475 904 1524 ferebantur
930 1478 1000 1523 vel
1043 1494 1154 1524 voce
1186 1477 1259 1523 vel
1286 1474 1541 1523 discessione
1570 1476 1643 1523 vel
1678 1472 1842 1522 sublata
1870 1490 2020 1520 manu.

87 1545 208 1590 Vide
229 1543 428 1608 Lipsium
452 1545 505 1590 ad
529 1549 738 1591 Senecam
762 1546 816 1592 de
836 1548 926 1591 vita
946 1544 1068 1591 beata
1090 1561 1182 1608 cap.
1199 1562 1242 1592 2.
1313 1548 1514 1591 Iuretum
1535 1543 1587 1590 ad
1606 1543 1861 1607 Symmach.
1884 1540 1957 1587 lib.
1972 1553 2020 1592 20

86 1610 224 1675 Epist.
252 1621 324 1674 36.
393 1616 463 1658 De
484 1609 695 1659 formulis
723 1610 957 1659 sententias
990 1608 1167 1659 ferendi
1196 1613 1316 1659 idem
1347 1611 1520 1675 Lipsius
1557 1613 1610 1657 ad
1641 1615 1828 1657 Senecae
1860 1625 1953 1672 cap.
1981 1621 2021 1669 3.

85 1681 209 1725 Ioan.
233 1678 376 1726 Gottl.
396 1682 666 1727 Heineccius
698 1682 746 1726 in
777 1682 979 1727 oratione
1007 1679 1061 1726 de
1099 1679 1447 1743 iurisprudentia
1475 1694 1680 1725 veterum
1710 1680 2022 1723 Romanorum

83 1744 375 1800 formularia‚
413 1747 687 1811 ritibusque,
722 1746 1081 1811 quibusfnegotiii
1108 1749 1254 1794 ciuilia
1273 1745 1553 1812 explicabant
1573 1741 1885 1796 sollemnibus,
1923 1744 2022 1789 Fra

87 1819 356 1877 neq-1724.
380 1829 423 1875 4.
449 1816 586 1868 edita,
623 1830 666 1861 et
687 1813 848 1862 inserta
877 1818 971 1862 eius
1006 1813 1230 1880 opusculis
1256 1820 1412 1871 variis,
1448 1815 1588 1861 Halae
1616 1828 1757 1874 1735.
1777 1829 1822 1875 4.
1846 1808 2021 1871 euulgae

86 1882 168 1937 tis,
203 1897 247 1945 p.
271 1897 359 1942 431
386 1879 479 1945 sqq.
510 1897 553 1929 et
576 1885 640 1932 Io.
663 1884 743 1928 Sal.
765 1884 1043 1947 Brutiquellii
1070 1885 1227 1944 Progr.
1251 1884 1304 1930 de
1334 1880 1626 1929 sollemnibus
1651 1883 1698 1927 in
1720 1880 2022 1943 exequutione

84 1946 401 1996 sententiarum
423 1968 445 1996 a
466 1952 680 1997 Romanis
699 1950 924 1998 adhibitis.
946 1956 1075 1998 Ienae
1103 1966 1188 2011 ¹73
1203 1964 1240 2010 3.
1313 1954 1468 1997 Latina
1491 1950 1642 2012 lingua
1661 1946 1751 1995 sola
1773 1950 1820 1993 in
1846 1946 2021 1993 iudiciis

84 2018 302 2063 Romanis
321 2016 538 2075 adhibita,
576 2034 627 2065 vt
647 2035 772 2066 notat
792 2020 996 2066 Valerius
1023 2022 1143 2065 Max.
1168 2019 1242 2064 lib.
1262 2034 1301 2065 2.
1339 2037 1374 2065 c.
1399 2035 1439 2064 2.
1475 2019 1519 2073 5.
1541 2035 1584 2066 2.
1653 2021 1723 2064 De
1753 2018 1849 2062 iure
1878 2029 2018 2060 extra-

87 2085 319 2130 ordinario
346 2085 620 2132 Pancirollus
655 2089 734 2138 ΙΙΙ.
763 2100 838 2147 30.
872 2091 976 2136 Var.
1008 2086 1268 2134 leffionum.
1338 2089 1406 2133 De
1440 2087 1537 2132 iure
1559 2084 1867 2132 Vindiciaruin
1902 2079 2021 2147 apud

83 2155 313 2199 Romanos
342 2149 476 2198 exstat
505 2150 743 2200 dissertatio
777 2159 945 2218 Georg.
978 2154 1117 2203 Wilh.
1152 2154 1357 2202 Ioecheri
1389 2153 1560 2218 Lipsiae
1591 2152 1897 2214 1723.edita.‘
1951 2152 2020 2195 De

58 2264 61 2265 ⁷
84 2221 174 2267 ritu
194 2218 493 2264 vindiciarum
515 2218 620 2266 vide
650 2223 767 2268 Ioan.
790 2224 911 2270 Frid.
934 2222 1117 2270 Christii
1149 2222 1323 2269 NoE’ses
1355 2223 1644 2274 academieas,
1680 2236 1780 2284 pag.
1816 2232 1899 2276 ¹71
1924 2212 2018 2278 sqq.

82 2290 154 2335 De
177 2285 399 2333 vocabulo
423 2303 476 2332 ex
495 2293 590 2333 iure
615 2303 743 2334 manu
767 2292 997 2352 conftrtmn
1020 2291 1125 2336 vide
1145 2290 1351 2336 Eundem
1375 2288 1479 2334 ibid.
1511 2304 1609 2350 pag.
1638 2304 1655 2333 1
1672 2297 1743 2337 80.
1770 2300 1812 2331 et
1832 2283 2020 2330 Adriani

85 2355 279 2402 Deodati
303 2356 475 2416 Stegeri
497 2354 716 2402 vindicias
739 2357 942 2405 manibus
962 2355 1174 2405 consertis
1197 2354 1430 2402 sumendas
1454 2370 1507 2400 ex
1529 2354 1627 2414 lege
1646 2357 1731 2398 ΧΠ
1753 2350 2017 2397 tabularum.

0 2435 1 2469 3
84 2420 203 2486 Lips.
237 2434 374 2483 1737.
401 2440 444 2480 4.
519 2424 588 2469 De
607 2422 841 2483 afforibus,
861 2422 1244 2488 Jitbsbriproribus,
1276 2419 1529 2468 delatoribus
1548 2420 1769 2466 videndus
1791 2416 2016 2464 Heraldus

0 2493 1 2503 ¹
85 2487 378 2539 animaduers.
401 2491 502 2536 VII.
533 2499 599 2538 16.
620 2506 719 2554 pag.
744 2507 833 2552 549
857 2491 948 2557 sqq.
971 2510 1013 2540 et
1033 2493 1139 2539 Chr.
1167 2490 1308 2539 Gottl.
1329 2490 1607 2537 Schwarzius
1630 2487 1682 2533 ad
1705 2486 1835 2532 Plinii
1858 2488 2015 2546 Paneg.

0 2537 4 2577 ζ
84 2573 184 2622 pag.
222 2571 391 2618 127>et
426 2572 530 2615 132.
571 2557 626 2604 de
662 2561 968 2622 popularibus
1021 2559 1305 2611 strionibus,
1359 2559 1478 2603 idem
1520 2554 1744 2602 Her-aldus
1784 2555 1884 2599 Vll.
1937 2559 2017 2601 26.

2 2612 3 2636 ³
83 2640 128 2688 p.
154 2633 241 2675 621
269 2622 362 2688 sqq.
431 2628 501 2672 De
519 2628 754 2680 aduocatis,
794 2626 1130 2683 tabellionibus,
1165 2626 1447 2691 pragmaticis
1469 2660 1481 2681 ‚
1535 2622 1654 2670 idem
1692 2623 1764 2668 VI.
1792 2635 1850 2670 10
1873 2634 1917 2666 et
1946 2630 2014 2669 12.

3 2691 27 2760 {⁷
84 2708 184 2756 Pag·
205 2705 301 2757 452
325 2690 418 2757 sqq·
446 2699 544 2755 463
566 2692 725 2757 sqq-‘et
745 2696 843 2740 VII.
877 2710 948 2756 17.
970 2713 1012 2760 p.
1044 2709 1135 2757 557
1156 2693 1215 2757 sq.
1241 2708 1282 2739 et
1307 2696 1368 2738 M.
1390 2692 1612 2739 Antonius
1630 2691 1853 2736 Ferrarius
1875 2684 2012 2751 Epist.

84 2774 186 2822 Pag·
208 2772 272 2811 22
295 2757 386 2826 sqq.
411 2776 454 2810 et
481 2776 575 2826 144
595 2759 688 2827 sqq.
757 2764 828 2812 De
858 2765 1040 2877 erigit}
1062 2777 1104 2859 et
1136 2761 1395 2809 conditione
1429 2763 1775 2809 Procuratorum
1804 2759 1925 2876 iuri1
1927 2757 2014 2870 ξιξ

1079 2861 1103 2889 2
1681 2866 1684 2868 ,
