2263 3027
577 69 1133 126 DIVINATIONVM
1201 72 1506 129 GENERA:
1648 75 1650 77 ’
1913 90 1936 138 5
1944 90 1971 137 9
1982 81 2017 137 3'

77 198 270 249 =humani
294 195 444 247 futura
464 195 554 247 siue
579 196 793 264 sperantis
813 194 904 245 fiue
922 199 1181 254 metuentis,
1213 197 1469 249 conieEIura
1495 196 1594 249 fieri
1621 195 1775 266 possit,
1797 212 1841 245 et
1872 195 2003 243 fimul

78 283 226 334 pateat
247 268 426 315 ill-aium
445 284 626 332 quoque
645 264 978 331 disciplinarum
999 266 1331 315 diuinatricium
1352 271 1534 329 vanitas,
1547 274 1565 311 3
1586 280 1697 333 quae
1717 266 1856 314 hodie
1868 265 2004 311 etiam

80 336 236 384 multis
255 335 358 382 ideo
382 335 525 382 adhuc
545 332 757 391 ‘ai-rident,
777 333 900 397 quod
919 332 1247 398 praedistiones
1269 337 1513 384 earundem
1527 333 1794 401 comprobat
1804 331 2003 398 quando-

80 420 169 467 que
179 417 377 458 euentuS,
388 419 527 466 quum
549 402 722 448 nullum
733 402 900 448 horum
916 418 1026 466 quae
1039 402 1124 448 iam
1144 399 2004 470 memorabimuslicetputidiffimorum

76 469 229 518 futura
252 469 484 517 diuinandi
501 461 724 531 generum*
740 466 802 522 fit,
824 469 871 515 in
892 485 984 532 quo
1010 469 1131 516 idem
1153 487 1245 516 non
1265 469 1468 520 fimiliter
1487 469 1657 538 saepius
1680 466 1881 519 accidiffe
1907 464 2004 514 fue·

77 540 138 586 rit
159 539 395 592 creditum,
424 535 512 583 fiue
531 532 641 588 falso
661 549 704 581 et
729 552 813 600 per
830 534 1037 583 fraudem
1061 538 1304 586 hominum
1333 555 1376 586 et
1405 541 1596 588 aliorum
1624 538 1879 605 stuporem,
1912 533 2004 583 fiue

76 622 186 655 vere
216 608 373 658 etiaim
402 602 579 667 quando
609 619 776 667 nempe
805 599 927 651 forte
961 601 1159 659 fortuna,
1186 605 1260 653 vel
1282 605 1362 654 vsu
1384 609 1500 656 vitae
1521 609 1764 660 humanae,
1792 619 1869 654 aut
1888 600 2003 649 iusto

42 682 45 683 ’
76 676 179 731 Dei,
198 673 438 720 hominum
458 668 685 717 stultitiam
704 673 935 735 punientis
955 672 1121 719 iudicio
1142 675 1200 720 ita
1218 675 1369 721 euenit
1387 677 1455 722 vti
1475 673 1755 740 praedisskum
1776 671 1938 723 fuerat.

216 743 490 787 Aeromantm
510 755 565 786 ex
584 755 683 785 aere
705 755 747 785 et
766 740 1095 803 phaenomenis
1116 757 1227 805 quae
1246 742 1294 789 in
1314 758 1413 789 aere
1431 745 1663 792 eueniunt.
1728 741 1846 789 Vide
1867 739 2009 796 Nice·⁸

75 809 279 873 phorum
301 806 355 853 ad
374 804 608 870 Synefium
628 820 798 871 p.410.
821 807 1121 869 Bulengerum
1141 808 1217 855 lib.
1238 822 1277 868 3.
1296 809 1350 856 de
1373 811 1654 857 diuinatione
1674 827 1709 857 c.
1727 822 1804 861 12.
1822 826 1868 874 Ρ.
1892 819 2005 858 211-

74 879 307 924 Potterum
326 890 370 939 p.
388 883 493 934 338.
515 871 750 935 Archaeol.
771 889 813 921 et
832 875 1088 939 Gyraldum
1114 873 1337 939 syntagm.
1365 892 1437 938 17.
1459 877 1514 924 de
1535 880 1650 925 Diis.
2002 938 2010 943 ῃ

205 945 478 1008 Aegomantia
499 938 529 987 s.
550 942 766 988 diuinatio
791 959 874 1007 per
896 959 1086 1008 capram.
1126 944 1361 1006 Bulenger.
1384 943 1460 991 lib.
1474 959 1521 1022 3.
1542 962 1577 992 c.
1607 956 1688 996 22.
1709 959 1754 1008 p.
1773 955 1889 1002 αις.
1911 939 2007 988 Cle·

74 1025 203 1059 mens
223 1010 507 1075 Protreptico
530 1026 575 1075 p.
592 1025 636 1070 9.
672 1007 803 1074 αἶγες
823 1010 897 1062 ἐπὶ
917 1008 1133 1075 μαντικὴν
1151 1010 1388 1074 ἠσκημέναι
1406 1034 1486 1075 ιρι]
1506 1010 1708 1079 κὸςοικες-

213 1076 598 1141 Αἷεέῖῃκοηταητία,
619 1075 647 1123 s.
672 1078 888 1124 diuinatio
914 1096 994 1143 per
1014 1080 1155 1142 gallos
1177 1080 1444 1142 gallinaceos
1465 1081 1517 1126 de
1539 1097 1624 1144 qua
1652 1082 1850 1149 Zonaras
1874 1077 1937 1123 T.
1963 1088 2008 1135 3.

73 1154 212 1211 p.28.
237 1145 402 1194 Annal.
424 1145 593 1192 Plinius
619 1149 681 1195 H.
703 1149 766 1194 N.
786 1146 865 1195 lib.
884 1161 957 1196 10.
980 1164 1017 1199 c,
1039 1163 1115 1194 21.
1139 1163 1182 1194 et
1204 1145 1414 1209 fingulari
1435 1146 1553 1195 libro
1567 1148 1721 1195 dehoc
1740 1156 2011 1206 argumento

71 1217 138 1259 Io.
156 1213 421 1263 Praetorius,
442 1210 647 1260 Francof.
680 1220 769 1270 168
785 1230 822 1267 ι,
841 1231 886 1275 4.
909 1230 1004 1261 tum
1030 1216 1272 1262 Kircherus
1292 1218 1353 1266 T.
1369 1228 1417 1268 2.
1438 1215 1606 1281 Oedipi
1626 1219 1752 1262 Parte
1771 1216 1827 1259 ΙΙ.
1846 1227 1893 1276 Ρ.
1905 1221 2008 1272 472

72 1278 136 1342 sq.
159 1275 347 1324 “Voffius
370 1278 425 1324 de
445 1276 736 1341 Philosophia
758 1297 803 1343 p.
822 1290 926 1342 176.
950 1282 1225 1342 Bulengerus
1243 1281 1342 1328 Lib.
1361 1297 1403 1340 3.
1424 1300 1459 1330 c.
1482 1300 1558 1339 40.
1592 1286 1799 1330 Potterus
1821 1296 1866 1345 Ρ.
1895 1290 2008 1337 339.
2080 1340 2083 1341 ⁷

74 1345 309 1393 Archaeol.
332 1358 374 1391 et
391 1344 668 1394 Theodorus
688 1347 966 1392 Thummius
987 1347 1043 1393 de
1062 1349 1293 1411 impietate
1316 1345 1516 1409 sagarum
1534 1366 1581 1413 Ρ.
1607 1359 1636 1399 6
1641 1364 1685 1412 3.

207 1413 526 1459 Aleuromantia
555 1410 644 1458 siue
673 1413 1000 1478 Alphitomantia
1027 1428 1070 1461 et
1104 1415 1423 1463 Crithomantia
1451 1416 1669 1464 diuinatio
1698 1431 1783 1482 per
1812 1409 2010 1460 farinam

72 1480 246 1529 Aelian.
263 1481 389 1532 VIII,
413 1493 456 1536 5.
491 1476 664 1526 animal.
686 1480 924 1542 Bulenger.
945 1481 1024 1528 lib.
1038 1499 1083 1542 3.
1117 1498 1155 1530 c.
1177 1491 1251 1543 36.
1274 1483 1391 1542 Gale
1411 1501 1457 1550 Ρ.
1480 1498 1541 1549 23
1553 1494 1596 1542 8.
1615 1484 1672 1534 ad
1690 1480 2010 1537 Iamblichum.

71 1546 271 1612 Cyrillus
292 1547 373 1594 VI.
396 1547 444 1592 in
469 1546 690 1593 Iulianum
711 1563 756 1612 p.
788 1558 891 1607 198.

206 1628 443 1679 Aur-oniae,
468 1626 679 1674 mulieres
703 1626 996 1675 Cimbrorum
1020 1632 1375 1680 necromanticae
1402 1620 1456 1679 ac'
1478 1630 1696 1684 fatidicae.
1741 1630 1862 1678 Vide
1879 1632 2011 1682 Ioan.·

69 1692 461 1757 Geor-g.Keysle'ri
493 1695 776 1757 antiquitates
805 1694 1175 1760 septentrionales
1208 1716 1253 1766 Ρ.
1281 1715 1370 1763 371
1396 1697 1489 1766 sqq.
1527 1697 1931 1749 etloan.1arkium
1951 1697 2009 1747 ad

68 1763 213 1809 Eliam
236 1761 479 1808 Schedium
501 1760 556 1808 de
575 1764 675 1808 Diis
696 1766 1032 1811 Germanorum
1055 1782 1102 1830 p.
1127 1775 1239 1825 645.

204 1841 534 1905 Amniomantia‚
568 1839 788 1891 diuinatio
817 1859 902 1909 per
922 1844 1124 1894 amnium
1144 1841 1174 1893 s.
1200 1845 1516 1898 membranam
1543 1847 1721 1897 tertiam
1738 1845 2006 1913 embryonis

73 1905 294 1978 Bulenger
317 1904 419 1959 Lib.
433 1921 477 1971 3.
500 1923 536 1955 c.
551 1922 624 1969 30.

1048 2040 1124 2108 Ee
1158 2055 1218 2091 ee
1255 2055 1280 2105 3
1897 2039 2005 2090 Ana-

137 2149 155 2180 3
183 2144 331 2188 Ennius
346 2145 454 2201 apud¹
471 2146 697 2192 CIceronem
717 2148 785 2197 lib.
812 2161 854 2192 ι.
877 2150 926 2192 de
943 2149 1180 2196 diuinatione
1201 2170 1235 2201 c.
1254 2159 1320 2211 58.

383 2215 471 2256 Non
498 2215 611 2256 habeo
638 2218 794 2271 denique
821 2221 934 2261 nauci
963 2219 1141 2274 Memfim}
1173 2221 1374 2275 augurem}

381 2271 469 2312 Non
498 2271 647 2311 vicanos
675 2272 908 2325 haruspices,
948 2289 1019 2314 non
1047 2278 1091 2314 de
1120 2278 1216 2316 circo
1243 2276 1465 2330 astrologo&

381 2326 469 2365 Non
498 2323 630 2377 Isiacos
657 2329 867 2368 conieaores
879 2357 890 2376 ,
931 2342 1002 2368 mm
1031 2331 1252 2382 interpretes
1270 2329 1474 2384 somnium.

380 2381 468 2420 Non
492 2381 587 2419 enim
607 2379 706 2434 fimt
736 2383 767 2423 ii
793 2394 863 2423 aut
884 2382 1070 2436 seientia,
1100 2396 1170 2426 aut
1197 2395 1281 2425 arte
1308 2387 1455 2435 diuini,
1483 2395 1556 2430 etc.

70 2441 215 2485 Confer
234 2444 463 2498 Sophoclem
487 2445 525 2484 in
550 2446 748 2498 Antigono
765 2459 803 2487 v.
826 2439 948 2501 1170.
969 2447 1022 2500 sq.
1041 2461 1078 2491 et
1098 2451 1255 2505 Oedipo
1274 2453 1464 2504 Tyranno
1486 2465 1519 2493 v.
1544 2460 1622 2506 395
1647 2448 1702 2502 sq.
1720 2458 1867 2504 et719.
1895 2451 2003 2494 Euri-

69 2499 198 2552 pidem
217 2501 254 2539 in
275 2500 479 2554 Iphigenia
504 2501 542 2539 in
562 2501 706 2539 Aulide
729 2515 761 2541 v.
787 2512 871 2550 520.
893 2505 943 2554 sq.
967 2509 1004 2545 et'
1024 2517 1119 2561 959.
1141 2506 1195 2559 sq.
1217 2520 1259 2546 ac
1282 2507 1431 2546 Helena
1450 2520 1484 2546 v.
1505 2517 1600 2559 750.
1658 2504 1776 2547 Mofis
1793 2507 1879 2561 lege
1891 2509 2004 2549 vetita

69 2567 206 2605 genera
224 2558 398 2604 μαντικῆς
415 2553 595 2601 vuluerse,
622 2556 735 2595 θυτοῖι
749 2586 758 2603 ,
782 2559 986 2611 καθάρθαι,
1010 2560 1238 2608 οἰωνοσκόπσι,
1256 2563 1477 2615 τερασκᾶποι,
1508 2558 1695 2608 ἕποι’δωπς,
1726 2560 1887 2607 κληδόσιν
1918 2567 2004 2604 ἕποι-

71 2611 230 2656 νέχωτις.
252 2613 339 2652 vide
360 2609 558 2651 Philonem
582 2611 644 2651 lib.
660 2625 701 2654 1.·
720 2611 767 2652 de
786 2613 1013 2656 Monarchia
1037 2619 1174 2660 Vol.2.
1209 2631 1244 2670 p.
1267 2629 1360 2658 221.
1379 2617 1469 2657 edit.
1498 2617 1759 2671 Mangeianae.
1793 2619 1835 2661 L.
1853 2631 1920 2674 30.
1948 2620 2000 2661 D.

71 2661 120 2702 de
138 2665 289 2716 poenis=
317 2667 359 2707 Si
381 2666 465 2720 quis
484 2666 636 2720 aliquid
653 2666 800 2718 fecerit,
822 2680 893 2721 quo
917 2669 1011 2710 leues
1036 2671 1224 2712 hominum
1243 2670 1623 2725 animifhperstitione
1631 2672 1810 2713 Numinis
1826 2684 2005 2714 terreren-

70 2725 152 2812 tg?
170 2719 604 2825 ·D'·nf<⁶r⁶¹⁴⁸1f1¹{uf5m⁰di
623 2722 781 2766 homines
803 2724 844 2766 in
863 2723 1024 2780 infidam
1044 2726 1203 2784 relegari
1214 2725 1382 2782 scripsit.
1406 2726 1522 2772 Adde
1531 2728 1701 2771 Cornelii
1723 2727 2004 2784 Bynkershoek

69 2784 93 2812 ο
140 2786 257 2816 anns
308 2789 385 2821 om.
421 2791 434 2817 ι
465 2807 474 2819 .
516 2807 525 2820 .
551 2788 641 2832 εις.
707 2825 710 2828 ,
