2263 3027
194 81 296 135 784
791 90 796 95 ’
869 70 1459 136 *CAP.*XV1:····NVM1
1516 90 1518 92 ’

194 193 448 244 misni-atum
473 196 772 260 pulcherrimi
795 192 896 252 funt
918 195 1103 258 Dialogi
1125 198 1202 255 XL
1221 198 1394 254 Antonii
1414 194 1648 261 Aezgzfiirzi,
1685 193 2134 263 hispaniceprimum

192 262 344 328 scripti
379 281 423 311 et
456 265 602 312 italice
631 262 867 310 nouissime
895 263 1032 310 recufi
1062 262 1231 312 Romae
1257 273 1396 325 1736·
1418 262 1497 311 fol.
1527 263 1688 328 quibus
1709 266 1755 311 in
1776 262 2131 318 latina'versione

190 333 398 380 Andreae
416 333 591 380 Schotti
614 347 656 378 et
675 334 723 379 in
747 329 969 379 Hetrusca
997 331 1231 387 Octauiani
1257 333 1392 380 Sadae
1416 333 1709 379 duodecimus
1731 330 1932 395 dialogus
1955 333 2135 383 acceffit.

192 402 413 447 Omnium
438 403 569 447 etiam
593 399 797 448 laudibus
818 403 983 457 merito
1015 398 1265 459 efferuntur
1294 399 1476 463 illustris
1500 402 1600 453 Viri
1623 402 1766 449 Ezech.
1786 401 2134 467 Spankgcmii-,Jde

189 465 268 515 vsu
300 484 342 514 et
371 467 635 533 praestantia
669 465 987 515 numismatum
1027 469 1276 534 praeclarae
1310 468 1655 527 dissertationes,
1701 470 2132 533 quarumfeditionis

189 537 342 582 tertiae
365 535 737 584 luculentiffimae
765 553 807 583 et
835 536 1065 602 prioribus
1097 543 1137 567 ¹2
1169 541 1368 585 Romana
1406 545 1545 594 1664.
1583 554 1714 601 atque
1737 535 2135 599 Amstelepdatnent'i

192 611 333 653 1661.
355 620 399 660 4.
424 605 559 666 longe
581 605 892 669 lucupletioris
925 605 1026 652 Vol.
1046 607 1250 670 primum
1278 606 1424 653 lucem
1451 606 1566 652 vidit
1593 605 1794 652 Londini
1820 610 1962 666 170'5„¹
1990 610 2029 646 13
2051 603 2132 654 fol.

186 671 374 717 alterum
410 671 509 736 post
541 669 630 720 fata
658 670 892 727 Aufioris,
933 675 1138 720 Londini
1176 679 1229 721 A.
1267 688 1411 732 17¹0·
1447 675 1596 731 aetatis
1628 682 1702 729 81.
1736 674 1906 727 denati,
1952 689 2133 721 curante
2162 709 2165 712 -

185 736 330 785 Isaaco
360 740 618 802 Verburgio
651 741 824 806 prodiit
850 746 896 781 14
925 741 1250 789 Amstelodami
1284 756 1426 806 1717,
1453 739 1535 790 fol.
1629 738 1839 788 Eiusdem
1872 741 2135 804 Spanhemii

185 806 394 871 epistolae
434 808 486 855 de
518 810 668 856 numis
712 805 979 873 quibusdam
1019 807 1241 857 subieRae
1276 806 1378 856 sunt
1410 810 1597 856 editioni
1632 808 1844 874 Lipfienfi
1875 806 2132 873 speciminis

183 873 419 923 vniuersae
450 878 518 923 rei
550 879 779 924 numariae
813 879 1043 940 antiquae,
1089 879 1212 941 quod
1248 877 1549 924 litteratorum
1584 878 1859 942 reipublicae
1894 874 2132 941 proposuit

183 945 640 998 Andreas-'Moratum
680 950 721 982 15
759 945 999 992 Heluetius
1035 943 1155 1010 Lips.
1189 950 1329 1007 1695.
1360 954 1402 1003 8.
1476 946 1596 992 Idem
1632 947 1705 991 vir
1733 943 2006 992 dossiffimus
2028 961 2131 991 cum

181 1027 344 1072 magna
366 1013 432 1057 rei
453 1011 690 1058 litterariae
711 1010 878 1059 iasiura
900 1029 1021 1059 anno
1050 1030 1186 1075 ¹703·
1211 1011 1435 1059 Arnstadii
1458 1014 1528 1059 die
1549 1014 1726 1059 decimo
1748 1013 1916 1078 Aprilis
1933 1013 2132 1069 denatuS‚
2199 1037 2203 1039 -

179 1094 414 1144 parauerat
436 1096 550 1144 opus
581 1081 741 1140 ingens
773 1094 904 1143 atque
933 1079 1368 1144 praestantiffimum,
1406 1082 1452 1126 in
1487 1080 1610 1143 quod
1634 1082 1793 1127 ordine
1823 1080 2008 1142 digesta,
2045 1080 2132 1127 ele-

178 1162 336 1208 ganter
358 1148 405 1192 in
425 1164 494 1193 aes
517 1144 679 1210 incisa,
721 1162 763 1193 et
786 1144 1008 1194 succinE'te
1030 1148 1246 1212 explicata
1269 1148 1493 1194 coniicere
1516 1147 1661 1194 voluit
1693 1144 1956 1196 numismata
1976 1150 2131 1195 omnia

177 1230 330 1261 vetera
354 1212 657 1277 cuiuscunque
678 1216 856 1276 generis
880 1213 1092 1262 haetenus
1126 1217 1327 1278 cognita:
1374 1233 1509 1280 quern
1529 1217 1577 1261 in
1600 1213 1736 1263 finem
1757 1233 1856 1273 ¹non
1882 1232 2054 1262 tantum
2079 1217 2129 1261 li-

178 1280 285 1329 bros
307 1285 350 1328 in
375 1284 462 1327 hoc
484 1298 650 1343 genere
677 1282 849 1337 editos,
886 1297 1051 1345 magno
1073 1282 1217 1330 studio
1242 1285 1414 1331 euoluit
1433 1300 1563 1347 atque
1587 1282 1838 1348 inquisiuit,
1875 1281 1951 1331 sed
1978 1300 2021 1332 et
2048 1301 2129 1330 nu·

176 1351 467 1415 mophylacia
510 1364 553 1398 et
581 1367 708 1413 gazas
745 1369 907 1414 regum
947 1353 1303 1418 principumque
1332 1355 1541 1418 Europae
1568 1355 1870 1418 perreptauit,
1906 1367 1954 1400 et
1975 1353 2128 1417 plures

2051 1437 2125 1466 an-

233 1519 268 1541 ¹²
299 1516 493 1560 Dicuntur
510 1518 766 1573 Spanhemius
794 1529 831 1560 et
858 1521 1014 1574 Marqu.
1037 1521 1188 1562 Gudius
1210 1519 1423 1562 'doc'tiffiml
1457 1520 1572 1561 ambo
1594 1529 1632 1560 et
1659 1519 1890 1572 antiquitatis
1914 1520 2127 1573 peritislimi

171 1573 314 1614 Romae
335 1576 473 1615 eodem
493 1586 666 1628 tempore
684 1574 870 1617 versantes
889 1577 937 1616 de
966 1578 1229 1631 praerogatiua
1258 1577 1565 1631 inscriptionibus
1589 1590 1635 1617 an
1665 1577 1793 1625 numis
1807 1574 1942 1630 'priscis
1961 1577 2125 1617 tribuen-

172 1629 218 1668 da
237 1631 332 1670 inter
359 1628 395 1670 se
427 1631 682 1679 contendisse,
721 1642 758 1671 et
788 1633 1040 1684 Spanhemius
1067 1633 1227 1686 quidem
1256 1647 1305 1674 ex
1327 1635 1475 1684 numis,
1504 1633 1653 1674 Gudius
1683 1646 1777 1673 vero
1802 1645 1854 1672 ex
1878 1630 2125 1686 inscriptioni·

171 1683 241 1724 bus
264 1687 425 1737 antiquis
451 1689 659 1740 plurimum
680 1689 846 1727 Vtilitatis
864 1689 911 1728 ad
936 1688 1201 1729 illustrandum
1226 1704 1342 1730 omne
1365 1704 1488 1744 genus
1515 1691 1724 1730 litterarum
1747 1688 1826 1741 capi
1845 1687 1955 1740 ‚posse
1984 1687 2124 1726 asseue-

172 1740 277 1779 tass‘e.
339 1743 438 1781 Hinc
458 1743 731 1795 Spanhemium
754 1743 962 1784 sententiae
987 1743 1073 1784 suae
1099 1741 1317 1798 probandae
1338 1746 1454 1786 causs'a
1476 1758 1572 1797 opus
1593 1743 1689 1782 istud
1713 1740 1960 1790 elucubrasse,
1992 1743 2121 1784 Gudio

171 1792 477 1846 inscriptionibus
504 1801 669 1851 antiquis
699 1798 932 1840 illustrandis
962 1801 1134 1849 intento,
1179 1799 1243 1840 sed
1271 1800 1489 1853 priusquam
1516 1797 1751 1841 absolueret,
1789 1795 1872 1836 fatis
1895 1798 2120 1849 intercepto,

171 1851 272 1890 cuius
288 1862 416 1891 tamen
438 1851 548 1905 ipfius
571 1856 692 1905 ampla
713 1866 883 1895 veterum
901 1855 1188 1909 inscriptionum
1209 1855 1412 1904 συναγωγὴ,
1452 1853 1534 1905 post
1554 1851 1840 1893 obseruationes
1864 1853 1944 1891 eius
1963 1852 2002 1891 in
2022 1865 2119 1904 opus

170 1906 440 1946 Gruterianum
460 1908 599 1959 prodiit
624 1910 854 1949 Leouatdiae
881 1923 1001 1964 1732.
1023 1910 1090 1950 fol.
1149 1910 1326 1962 Vtrisque
1340 1941 1350 1958 ,
1375 1910 1500 1950 nuruis
1520 1920 1558 1948 et
1579 1904 1885 1958 inscriptionibus
1907 1906 2124 1960 praeferen-

171 1961 241 2000 dus
269 1962 501 2014 quandoque
537 1961 766 2016 scriptorum
794 1963 1018 2012 consensus,
1056 1964 1118 2004 vbi
1153 1965 1194 2005 in
1226 1966 1300 2004 illis
1330 1966 1546 2018 ignorantia
1577 1964 1637 2003 vel
1669 1962 1905 2016 negligentia
1935 1961 2118 2004 artificum

167 2028 316 2068 peccat,
348 2018 406 2057 vel
431 2018 598 2059 adulatio
621 2032 753 2058 eorum
771 2021 833 2075 qui
854 2033 994 2059 numos
1013 2019 1102 2059 cudi
1124 2030 1190 2060 aut
1209 2018 1474 2074 inscriptiones
1492 2019 1573 2059 fieri
1596 2029 1801 2065 curarunt,
1829 2030 1887 2058 res
1905 2019 2118 2072 principum

120 2092 125 2100 ι
167 2073 207 2110 in
236 2073 356 2113 maius
373 2075 536 2131 5xtollit.
606 2075 731 2126 ltaque
752 2085 789 2113 et
811 2075 1023 2114 Bandurius
1046 2085 1137 2115 tom.
1163 2087 1201 2116 1.
1229 2089 1316 2129 pag.
1343 2078 1409 2118 60,
1441 2089 1520 2116 non
1550 2075 1677 2115 multis
1704 2073 1799 2113 adeo
1829 2073 1959 2114 tribuit
1991 2075 2119 2116 numis

166 2127 228 2167 vbi
253 2143 270 2166 a
291 2128 530 2180 scriptoribus
562 2129 808 2174 dissentiunt,
853 2131 1036 2177 maxime,
1073 2130 1220 2183 inquit,
1248 2130 1290 2183 fi
1308 2132 1404 2184 quid
1425 2133 1463 2170 in
1494 2132 1568 2170 illis
1591 2129 1772 2182 reperfas,
1801 2129 1904 2182 quod
1918 2130 1974 2168 ad
1985 2130 2116 2170 adula-

164 2183 299 2221 tionem
327 2186 511 2235 principis
536 2185 740 2236 pertineat.
799 2185 860 2224 De
889 2184 957 2224 vsu
987 2198 1147 2237 operum
1175 2184 1432 2239 sculptorum,
1471 2186 1700 2231 statuarum,
1737 2182 2115 2237 instriptionutnque

163 2249 334 2278 veterum
357 2238 505 2279 erudite
530 2250 837 2288 commentatur,
868 2239 1234 2294 numismatibusque
1264 2256 1351 2281 cum
1374 2242 1561 2295 praeferre
1585 2254 1667 2282 non
1691 2239 1841 2280 dubitat
1860 2241 1984 2292 Scipio
2015 2239 2114 2280 Maf-

163 2291 260 2333 feius
282 2295 322 2334 in
340 2296 470 2334 notitia
493 2294 610 2334 musei
631 2294 922 2346 inscriptionum
943 2294 1193 2344 Veronensis,
1222 2297 1350 2347 italice
1369 2299 1466 2339 edita
1487 2299 1534 2338 ad
1555 2299 1691 2338 calcem
1710 2296 1863 2336 notitiae
1884 2293 2112 2348 scriptorum

162 2360 333 2389 veterum
363 2351 594 2390 Graecorum
618 2363 652 2390 et
678 2352 902 2391 Latinorum
935 2351 1058 2392 italice
1085 2351 1295 2393 versorum.
1322 2354 1489 2394 Venetiis
1518 2366 1635 2408 1720.
1661 2355 1698 2398 8·
1769 2348 1941 2390 Eandem
1964 2348 2113 2405 sentent

163 2405 249 2444 tiam
275 2416 400 2445 tuetur
421 2405 531 2448 Isaac.
555 2406 704 2446 Voffius
733 2409 771 2446 in
795 2407 950 2459 epistola
979 2408 1027 2448 ad
1061 2409 1185 2448 Nicol.
1207 2409 1402 2450 Heinsium
1425 2409 1512 2450 data
1543 2415 1592 2451 A.
1618 2411 1735 2462 1647.
1768 2417 1861 2446 tom.
1883 2417 1921 2459 3.
1943 2403 2109 2459 sylloges

163 2460 467 2501 Burinannianae
488 2476 572 2516 pag.
596 2463 688 2517 568.
756 2463 868 2502 Nihil
891 2477 946 2503 me
965 2470 1079 2517 aeque
1106 2463 1246 2517 afficit,
1283 2479 1396 2518 quarn
1427 2466 1528 2520 quod
1555 2463 1835 2520 infiriptionum
1857 2461 2109 2513 antiquarum

151 2512 275 2563 studio
293 2520 464 2559 tenearis.
523 2519 694 2557 Multum
717 2533 778 2571 ego
801 2519 874 2558 illis
889 2519 1064 2565 άεΙεέῗον,
1096 2521 1269 2572 quoniam
1302 2523 1422 2561 maior
1449 2521 1542 2561 mihi
1574 2532 1702 2561 earum
1717 2516 1804 2572 vfhs
1825 2516 1976 2556 videtur
1993 2528 2109 2571 quam

163 2580 376 2619 numorum,
407 2573 493 2612 licet
513 2572 592 2626 istis
604 2574 692 2626 plus
712 2574 870 2616 debeant
885 2574 996 2616 oculi.
1052 2575 1161 2616 Idem
1183 2578 1319 2631 repetit
1337 2591 1424 2632 pag.
1446 2588 1540 2633 570.

221 2641 254 2669 ¹³
285 2641 541 2695 A-13-1707·
571 2658 656 2698 pag·
677 2657 744 2701 49·

219 2711 257 2737 ¹⁴
287 2712 334 2748 Α·
357 2709 395 2751 Ε·
422 2722 537 2763 1717·
562 2728 647 2766 pag·
667 2718 765 2764 289·

219 2780 253 2805 ¹³
283 2778 511 2830 Iniquiffima
530 2780 582 2821 est
603 2781 652 2821 de
677 2783 846 2826 Metello
865 2773 1022 2827 censura
1045 2785 1118 2831 lac.
1136 2775 1325 2830 Gronouii
1352 2801 1439 2844 pag.
1462 2793 1556 2842 855.
1576 2785 1625 2828 ad
1653 2781 1912 2827 Herodotum.
