2263 3027
228 147 329 199 226
825 136 993 190 CAP.
1029 135 1122 187 V1.
1189 135 1308 188 DE>
1356 135 1560 188 VRBE

236 242 463 323 semibus,
500 263 742 327 Francifius
758 262 1038 317 Bianchinus,
1073 260 1360 322 Veronensis,
1395 263 1514 311 libro
1541 263 1710 316 italico,
1752 262 1810 310 de
1837 263 2005 313 Palatio
2025 265 2172 317 Caelii:

234 354 362 392 rum,
394 351 528 399 quem
555 331 655 398 post
672 333 766 379 eius
788 346 983 378 mortem
1006 329 1147 378 edidit
1167 332 1350 397 Iosephus
1374 333 1637 383 Bianchinns.
1671 335 1876 380 Veronae
1897 341 2049 398 4738,
2090 333 2173 384 fol.

235 405 420 456 Michael
436 405 659 449 Μενίππη
688 400 742 446 de
765 395 966 463 obeliscis
985 400 1199 446 Romanis
1217 400 1389 463 prodiit
1411 401 1552 447 italice
1577 404 1746 447 Romae
1778 416 1792 445 1
1808 409 1916 459 ς89.
1951 417 1993 463 4.
2043 402 2174 450 Atha-

234 475 340 535 uasti
359 469 564 518 Kircheri
587 464 805 514 obeliscus
825 466 1120 531 Pamphylius
1143 471 1343 515 continet
1364 467 1689 532 expositionem
1712 465 1893 515 obelisci
1925 487 1978 517 ex
2002 470 2172 534 hippo-

234 540 400 587 dromo
425 538 648 591 Antonini
670 533 914 584 Caracallae
933 535 1131 584 translati
1153 549 1196 584 et
1217 533 1407 584 restituti
1431 554 1454 585 a
1480 534 1698 586 Pontifice
1722 539 1991 587 Innocentio
2012 540 2064 589 X.
2083 541 2172 587 Ro-

236 625 335 656 mae
368 614 508 664 1650.
546 602 626 652 fol.

401 779 487 824 XI.
529 777 668 825 Flauii
695 776 846 837 Blondi
867 772 1195 825 Foroiuliensis
1215 776 1385 821 Romae
1405 773 1728 840 triumphantis
1759 773 1864 822 libri
1894 789 1961 824 10.
1999 773 2174 821 Brixiae

236 847 293 894 A.
322 859 462 906 1503.
499 855 537 901 8.
577 846 686 892 editi
705 861 837 908 atque
863 845 968 892 inde
989 845 1089 909 plu's
1112 842 1301 908 simplici
1322 844 1419 889 vice
1439 842 1636 897 Basileae‚
1671 842 1839 890 Parisiis
1863 858 1905 890 et
1929 847 2045 889 inter
2080 842 2174 888 eius

236 928 377 977 opera
398 914 555 960 itidem
577 912 760 960 Bafileae
780 928 917 971 1559.
952 910 1031 958 folss
1072 910 1229 963 reensi,
1267 927 1360 956 non
1391 926 1481 957 tam
1514 912 1600 957 hoc
1638 912 1739 957 loco
1774 928 1907 974 quam
1926 908 2056 975 supra
2080 925 2174 972 cap.

235 984 371 1028 tertio
408 981 794 1027 commemorandi
829 995 975 1032 erant,
1012 979 1092 1025 vbi
1126 980 1179 1024 de
1200 981 1504 1041 Romanarum
1533 980 1846 1042 antiquitatum
1883 975 2175 1042 scriptoribus

235 1048 520 1110 generalibus
542 1048 791 1110 agebamus.
884 1050 1005 1093 Nam
1031 1062 1072 1094 et
1096 1048 1168 1092 hic
1191 1045 1317 1091 libris
1340 1045 1514 1092 duobus
1535 1045 1765 1111 prioribus
1786 1060 1991 1092 veterum
2015 1048 2176 1091 Roma·

236 1132 406 1161 norum
431 1116 722 1177 religionem,
763 1113 880 1161 libro
906 1116 1062 1167 tertio,
1099 1129 1256 1176 quarto
1284 1129 1326 1159 et
1352 1115 1511 1177 quinto
1537 1130 1631 1160 rem
1653 1113 1880 1178 publicam
1905 1131 1952 1160 ac
1981 1112 2174 1173 ciuilem,

237 1182 359 1228 libro
388 1180 509 1229 sexto
534 1198 576 1229 et
596 1180 787 1247 septimo
811 1183 1065 1234 militarem,
1097 1181 1214 1227 libro
1239 1179 1413 1240 ossauo,
1451 1198 1574 1228 nono
1609 1196 1652 1227 et
1674 1183 1850 1227 decimo
1879 1182 1960 1227 alia
1982 1178 2177 1226 instituta

239 1253 375 1304 varia,
415 1251 556 1303 ludos,
578 1253 838 1316 triumphos
856 1249 1102 1312 similiaque
1126 1246 1421 1312 persequitur.
1495 1248 1707 1294 Eiusdem
1732 1248 1891 1293 Blondi
1914 1252 2081 1294 Romae
2105 1249 2177 1293 in·

238 1316 449 1365 stauratae
471 1317 571 1364 libri
593 1334 681 1365 tres
705 1316 1053 1381 descriptionem
1079 1317 1341 1362 recentioris
1374 1319 1544 1361 Romae
1579 1313 1955 1378 complcffiuntur.
2028 1315 2176 1361 Italice

164 1442 167 1445 ι
235 1386 465 1432 transtulit
489 1387 594 1432 haec
614 1386 782 1445 §3101de
798 1382 959 1447 scripta
980 1387 1130 1428 Lucius
1150 1385 1328 1434 Faunus,
1359 1381 1466 1428 teste
1490 1383 1693 1427 Sirnlero.
1767 1381 1893 1426 Obiit
1907 1381 2105 1426 Blondus
2116 1377 2178 1427 fiz-

237 1446 536 1517 ptuagenario
564 1457 708 1497 maior
728 1446 897 1497 Romae
919 1456 1058 1509 1463.
1083 1464 1176 1494 non
1196 1455 1335 1510 1363.
1375 1447 2068 1511 vtlegiturinEponymologico
2081 1450 2177 1495 Ma-

236 1523 341 1582 giro
369 1519 633 1583 Eybeniano
659 1535 702 1583 p.
726 1535 828 1578 ¹34·
866 1516 946 1563 vbi
969 1517 1021 1562 de
1042 1517 1142 1562 viro
1166 1515 1243 1561 illo
1266 1515 1420 1580 plur-<15
1454 1514 1616 1579 quibus
1648 1515 1781 1562 addes
1813 1513 2046 1562 Hankium
2081 1515 2107 1561 l.
2138 1529 2176 1564 Ι.

240 1590 296 1635 de
318 1587 619 1651 Scriptoribus
641 1604 792 1632 rerum
818 1601 1037 1630 romanor.
1062 1597 1226 1645 p.201⁴
1262 1598 1305 1627 et
1325 1582 1399 1628 lib.
1424 1600 1463 1630 2.
1500 1600 1541 1648 pr
1560 1597 1670 1646 34'1.
1737 1581 1941 1630 Voffium
1968 1583 2022 1630 de
2041 1580 2179 1630 histo·

237 1657 343 1701 ricis
365 1655 511 1700 latinis
542 1671 585 1717 p.
615 1660 723 1711 585.
794 1647 970 1699 Asciani
990 1648 1019 1700 s,
1042 1652 1402 1695 Zimmermanni
1426 1665 1602 1697 montes
1621 1651 1796 1713 pietatis
1828 1668 1871 1714 p.
1893 1668 1968 1709 23.
2036 1656 2178 1698 Anto·

239 1724 370 1769 nium
394 1717 672 1765 Varillalium
699 1721 746 1765 in
768 1720 994 1765 anecdotis
1013 1718 1304 1769 Florentinis,
1329 1717 1462 1781 lib.4.
1532 1716 1700 1763 Iustum
1723 1719 1966 1763 Fontanini
1986 1717 2104 1764 libro
2121 1718 2177 1764 de

240 1786 533 1852 scriptoribus
554 1784 957 1838 Foroiulienfibus,
995 1782 1022 1830 s.
1047 1783 1428 1848 Aquileiensibus,
1456 1785 1778 1832 Bell-‘uminum
1802 1801 1844 1830 et
1865 1785 1987 1837 alim,
2022 1787 2098 1847 qui
2121 1784 2176 1830 de

238 1853 534 1920 scriptoribus
556 1852 846 1914 ecclesiasticis
866 1851 1024 1900 saeculi
1044 1854 1187 1898 XVIti
1210 1849 1446 1916 scripsere,
1479 1866 1528 1897 vt
1553 1854 1811 1897 Morerium
1840 1848 2178 1898 Hofmannum-

239 1940 329 1986 que
350 1924 396 1968 in
422 1923 617 1975 Lexicis,
652 1922 920 1984 Koenigium
950 1923 996 1966 in
1026 1920 1323 1973 Bibliotheca,
1359 1918 1646 1983 Popeblount
1674 1920 1720 1965 in
1754 1917 1948 1967 censuris
1981 1935 2024 1968 et
2049 1923 2175 1968 Hen—

239 1991 502 2040 dreichium
521 1990 715 2053 denique
739 1991 784 2035 in
805 1987 1036 2055 pandeffis
1056 1986 1461 2050 Brandenburgicis
1482 1988 1700 2035 omittam.

373 2159 470 2203 XII.
510 2158 566 2203 Ia.
587 2159 711 2223 Bapt.
735 2156 886 2218 Cafizlz‘i
907 2156 1074 2204 librum
1101 2157 1159 2221 de³
1174 2155 1312 2203 Vrbis
1334 2172 1380 2202 ac
1410 2157 1541 2202 Rom.
1572 2156 1760 2220 Imperii
1790 2157 1904 2204 olim
1921 2153 2173 2222 splendore,

238 2227 597 2272 memorauinius
615 2221 744 2298 supra
768 2243 857 2290 cap.
882 2229 1026 2272 tertio.
1115 2226 1257 2271 Paulli
1283 2240 1464 2287 quoque
1488 2225 1669 2289 Ariughi
1703 2240 1745 2271 et
1775 2229 1873 2272 Ant.
1895 2227 2002 2286 Bosii
2032 2229 2175 2271 Rom-³.

240 2291 524 2339 subterranea
546 2293 632 2338 huc
653 2290 837 2355 specht,
875 2296 1114 2358 praecipue
1140 2285 1330 2356 propter
1352 2310 1422 2344 ca,
1454 2308 1565 2354 quae
1586 2289 1754 2338 disserit
1779 2292 1896 2338 libro
1919 2290 2112 2338 secundo
2133 2307 2177 2338 et

240 2358 456 2424 sequenti.
526 2360 610 2406 Sed
633 2360 688 2405 de
709 2361 795 2406 hoc
818 2377 954 2424 opere
975 2359 1154 2407 dicendi
1177 2360 1300 2406 locus
1323 2361 1406 2405 erit
1427 2357 1566 2412 infra,
1603 2359 1682 2406 vbi
1704 2361 1758 2406 de
1778 2357 2002 2423 sepulcris.
2078 2363 2172 2406 Ne-

240 2444 332 2491 que
360 2430 509 2474 minus
540 2430 888 2473 commemorari
921 2429 1130 2473 hocloco
1160 2442 1390 2474 merentur
1411 2428 1573 2473 Nic-olai
1603 2428 1820 2473 Alemanni
1849 2430 2089 2489 Synmgma
2118 2428 2172 2473 de

245 2497 477 2556 parietinis
508 2494 873 2541 Lateranenlibus
905 2512 928 2540 a
952 2495 1175 2540 Cardinali
1205 2493 1447 2541 Bai-berino
1470 2493 1690 2541 restitutis.
1725 2497 1891 2540 Romae
1921 2508 2058 2555 1625.
2093 2492 2172 2540 fol.
2243 2504 2246 2511 ’

246 2563 303 2605 Et
326 2564 508 2607 Michael
522 2566 745 2609 Mereatur
765 2562 819 2608 de
841 2560 1043 2608 obeliscis
1063 2564 1287 2608 Romanis
1311 2565 1479 2608 Romae
1503 2570 1695 2624 15894.
1762 2560 2022 2607 Breuiffimo
2052 2578 2173 2607 com-
2242 2559 2245 2609 ἕ

246 2628 416 2692 pendio
435 2644 632 2676 veterem
655 2634 847 2675 Romam
869 2627 1075 2676 describit
1099 2629 1274 2676 libellus
1296 2630 1515 2677 Matthaei
1531 2633 1660 2692 qur
1683 2630 1760 2691 qui
1782 2626 2061 2687 inscribitur:
2083 2633 2171 2678 Ro.-

236 2692 579 2756 'masepticollis
599 2700 786 2758 antiqua.
819 2701 990 2743 Romae
1023 2700 1157 2755 1687.
1200 2710 1267 2744 12.
1338 2696 1565 2745 francs&
1583 2700 1713 2757 &ysne
1735 2695 1979 2741 Parifienfis
2012 2693 2170 2742 descri-
2238 2705 2240 2715 ¹

246 2763 342 2826 prio
363 2761 486 2808 vrbis
509 2763 689 2810 Romae.
725 2765 894 2812 Gallice
916 2770 1055 2826 1690.
1083 2779 1149 2814 12.
1180 2765 1306 2822 edita,
1342 2779 1385 2814 et
1408 2764 1552 2828 Lugd.
1573 2767 1718 2812 Batav.
1743 2776 1884 2825 1713..
1924 2764 2077 2811 decem
2091 2779 2172 2809 vo·

2038 2831 2171 2877 lumi-

2232 2885 2235 2901 l
