<?xml version="1.0" encoding="UTF-8"?>
<!DOCTYPE html PUBLIC "-//W3C//DTD XHTML 1.0 Transitional//EN"
    "http://www.w3.org/TR/xhtml1/DTD/xhtml1-transitional.dtd">
<html xmlns="http://www.w3.org/1999/xhtml" xml:lang="en" lang="en">
 <head>
  <title>
</title>
<meta http-equiv="Content-Type" content="text/html;charset=utf-8" />
  <meta name='ocr-system' content='tesseract 3.04.00' />
  <meta name='ocr-capabilities' content='ocr_page ocr_carea ocr_par ocr_line ocrx_word'/>
</head>
<body>
  <div class='ocr_page' id='page_1' title='image "./ioalbertifabrici00fabr/ioalbertifabrici00fabr_0016.png"; bbox 0 0 2263 3027; ppageno 0'>
   <div class='ocr_carea' id='block_1_1' title="bbox 124 105 2150 2870">
    <p class='ocr_par' dir='ltr' id='par_1_1' title="bbox 124 105 2150 2870">
     <span class='ocr_line' id='line_1_1' title="bbox 124 105 2091 185; baseline 0.003 -23"><span class='ocrx_word' id='word_1_1' title='bbox 124 106 253 164; x_wconf 74' lang='lat' dir='ltr'>tatis</span> <span class='ocrx_word' id='word_1_2' title='bbox 348 106 441 162; x_wconf 75' lang='lat' dir='ltr'>Ad</span> <span class='ocrx_word' id='word_1_3' title='bbox 460 174 463 176; x_wconf 11' lang='lat' dir='ltr'>q</span> <span class='ocrx_word' id='word_1_4' title='bbox 484 106 648 163; x_wconf 82' lang='lat' dir='ltr'>huius</span> <span class='ocrx_word' id='word_1_5' title='bbox 670 106 961 180; x_wconf 81' lang='lat' dir='ltr'>caliginem</span> <span class='ocrx_word' id='word_1_6' title='bbox 998 124 1286 183; x_wconf 70' lang='lat' dir='ltr'>quaeeam</span> <span class='ocrx_word' id='word_1_7' title='bbox 1308 105 1557 182; x_wconf 81' lang='lat' dir='ltr'><strong>Vndique</strong></span> <span class='ocrx_word' id='word_1_8' title='bbox 1577 106 1790 166; x_wconf 86' lang='lat' dir='ltr'><strong>obsedit</strong></span> <span class='ocrx_word' id='word_1_9' title='bbox 1811 105 2091 185; x_wconf 79' lang='lat' dir='ltr'>dispellen-</span> 
     </span>
     <span class='ocr_line' id='line_1_2' title="bbox 126 180 2088 255; baseline 0.002 -17"><span class='ocrx_word' id='word_1_10' title='bbox 126 182 285 249; x_wconf 84' lang='lat' dir='ltr'>dam,</span> <span class='ocrx_word' id='word_1_11' title='bbox 355 198 409 238; x_wconf 91' lang='lat' dir='ltr'>et</span> <span class='ocrx_word' id='word_1_12' title='bbox 443 180 828 238; x_wconf 86' lang='lat' dir='ltr'>illuminandas</span> <span class='ocrx_word' id='word_1_13' title='bbox 861 182 1346 240; x_wconf 79' lang='lat' dir='ltr'>remotissimarum</span> <span class='ocrx_word' id='word_1_14' title='bbox 1374 183 1444 253; x_wconf 75' lang='lat' dir='ltr'>ab</span> <span class='ocrx_word' id='word_1_15' title='bbox 1483 195 1652 255; x_wconf 77' lang='lat' dir='ltr'>aetate</span> <span class='ocrx_word' id='word_1_16' title='bbox 1685 185 2088 255; x_wconf 57' lang='lat' dir='ltr'>nostra.÷rerum</span> 
     </span>
     <span class='ocr_line' id='line_1_3' title="bbox 130 252 2092 336; baseline 0.003 -23"><span class='ocrx_word' id='word_1_17' title='bbox 130 257 382 314; x_wconf 82' lang='lat' dir='ltr'>tenebras</span> <span class='ocrx_word' id='word_1_18' title='bbox 410 259 838 313; x_wconf 88' lang='lat' dir='ltr'>innumerorum</span> <span class='ocrx_word' id='word_1_19' title='bbox 872 260 1123 315; x_wconf 89' lang='lat' dir='ltr'>virorum</span> <span class='ocrx_word' id='word_1_20' title='bbox 1155 256 1453 314; x_wconf 63' lang='lat' dir='ltr'>doElorum</span> <span class='ocrx_word' id='word_1_21' title='bbox 1477 259 1779 333; x_wconf 83' lang='lat' dir='ltr'>ingenium</span> <span class='ocrx_word' id='word_1_22' title='bbox 1811 252 1977 336; x_wconf 70' lang='lat' dir='ltr'>atque</span> <span class='ocrx_word' id='word_1_23' title='bbox 2015 263 2092 319; x_wconf 91' lang='lat' dir='ltr'>in-</span> 
     </span>
     <span class='ocr_line' id='line_1_4' title="bbox 131 332 2087 412; baseline 0.002 -23"><span class='ocrx_word' id='word_1_24' title='bbox 131 332 330 389; x_wconf 87' lang='lat' dir='ltr'>dustria</span> <span class='ocrx_word' id='word_1_25' title='bbox 353 351 382 393; x_wconf 87' lang='lat' dir='ltr'>a</span> <span class='ocrx_word' id='word_1_26' title='bbox 409 334 606 388; x_wconf 78' lang='lat' dir='ltr'>renatis</span> <span class='ocrx_word' id='word_1_27' title='bbox 630 351 806 406; x_wconf 85' lang='lat' dir='ltr'>vsque</span> <span class='ocrx_word' id='word_1_28' title='bbox 835 334 1020 390; x_wconf 85' lang='lat' dir='ltr'>litteris</span> <span class='ocrx_word' id='word_1_29' title='bbox 1043 351 1393 408; x_wconf 81' lang='lat' dir='ltr'>magnacum</span> <span class='ocrx_word' id='word_1_30' title='bbox 1417 332 1581 404; x_wconf 77' lang='lat' dir='ltr'>laude.</span> <span class='ocrx_word' id='word_1_31' title='bbox 1597 333 1912 402; x_wconf 86' lang='lat' dir='ltr'>elaborauit,</span> <span class='ocrx_word' id='word_1_32' title='bbox 1949 344 2087 412; x_wconf 60' lang='lat' dir='ltr'>quq</span> 
     </span>
     <span class='ocr_line' id='line_1_5' title="bbox 131 405 2094 480; baseline 0.002 -16"><span class='ocrx_word' id='word_1_33' title='bbox 131 426 261 464; x_wconf 88' lang='lat' dir='ltr'>rum</span> <span class='ocrx_word' id='word_1_34' title='bbox 282 410 338 463; x_wconf 91' lang='lat' dir='ltr'>in</span> <span class='ocrx_word' id='word_1_35' title='bbox 358 410 608 463; x_wconf 82' lang='lat' dir='ltr'>notitiam</span> <span class='ocrx_word' id='word_1_36' title='bbox 635 425 694 463; x_wconf 91' lang='lat' dir='ltr'>vt</span> <span class='ocrx_word' id='word_1_37' title='bbox 718 405 906 464; x_wconf 82' lang='lat' dir='ltr'>sensim</span> <span class='ocrx_word' id='word_1_38' title='bbox 930 412 1133 465; x_wconf 88' lang='lat' dir='ltr'>tirones</span> <span class='ocrx_word' id='word_1_39' title='bbox 1154 408 1654 480; x_wconf 61' lang='lat' dir='ltr'>introducerentur,</span> <span class='ocrx_word' id='word_1_40' title='bbox 1683 410 1824 479; x_wconf 85' lang='lat' dir='ltr'>etad</span> <span class='ocrx_word' id='word_1_41' title='bbox 1847 410 2094 468; x_wconf 85' lang='lat' dir='ltr'>studium</span> 
     </span>
     <span class='ocr_line' id='line_1_6' title="bbox 136 481 2094 561; baseline 0.003 -24"><span class='ocrx_word' id='word_1_42' title='bbox 136 485 152 537; x_wconf 89' lang='lat' dir='ltr'>i</span> <span class='ocrx_word' id='word_1_43' title='bbox 198 481 317 538; x_wconf 83' lang='lat' dir='ltr'>sum</span> <span class='ocrx_word' id='word_1_44' title='bbox 343 481 810 556; x_wconf 64' lang='lat' dir='ltr'>amplecienduim</span> <span class='ocrx_word' id='word_1_45' title='bbox 854 481 1009 560; x_wconf 88' lang='lat' dir='ltr'>quod</span> <span class='ocrx_word' id='word_1_46' title='bbox 1041 483 1396 542; x_wconf 89' lang='lat' dir='ltr'>eruditiffimo</span> <span class='ocrx_word' id='word_1_47' title='bbox 1430 486 1636 557; x_wconf 78' lang='lat' dir='ltr'>cuique</span> <span class='ocrx_word' id='word_1_48' title='bbox 1651 482 1870 561; x_wconf 63' lang='lat' dir='ltr'>-se&#39;mper</span> <span class='ocrx_word' id='word_1_49' title='bbox 1898 484 2008 542; x_wconf 88' lang='lat' dir='ltr'>fuit</span> <span class='ocrx_word' id='word_1_50' title='bbox 2036 485 2094 543; x_wconf 86' lang='lat' dir='ltr'>in</span> 
     </span>
     <span class='ocr_line' id='line_1_7' title="bbox 133 502 2091 638; baseline 0.002 -24"><span class='ocrx_word' id='word_1_51' title='bbox 133 502 352 627; x_wconf 40' lang='lat' dir='ltr'>dieliciiffi</span> <span class='ocrx_word' id='word_1_52' title='bbox 375 556 894 628; x_wconf 77' lang='lat' dir='ltr'>inflammarentur,</span> <span class='ocrx_word' id='word_1_53' title='bbox 933 559 1077 616; x_wconf 89' lang='lat' dir='ltr'>hanc</span> <span class='ocrx_word' id='word_1_54' title='bbox 1107 559 1269 619; x_wconf 86' lang='lat' dir='ltr'>telam</span> <span class='ocrx_word' id='word_1_55' title='bbox 1298 558 1480 618; x_wconf 83' lang='lat' dir='ltr'>soloce</span> <span class='ocrx_word' id='word_1_56' title='bbox 1503 558 1603 618; x_wconf 84' lang='lat' dir='ltr'>filo</span> <span class='ocrx_word' id='word_1_57' title='bbox 1618 562 1786 620; x_wconf 79' lang='lat' dir='ltr'>texui.</span> <span class='ocrx_word' id='word_1_58' title='bbox 1867 561 2091 638; x_wconf 83' lang='lat' dir='ltr'>Qanta</span> 
     </span>
     <span class='ocr_line' id='line_1_8' title="bbox 133 632 2093 711; baseline 0.002 -23"><span class='ocrx_word' id='word_1_59' title='bbox 133 632 206 688; x_wconf 92' lang='lat' dir='ltr'>illi</span> <span class='ocrx_word' id='word_1_60' title='bbox 231 632 404 689; x_wconf 82' lang='lat' dir='ltr'>desint</span> <span class='ocrx_word' id='word_1_61' title='bbox 423 633 490 689; x_wconf 88' lang='lat' dir='ltr'>ad</span> <span class='ocrx_word' id='word_1_62' title='bbox 521 633 923 708; x_wconf 72' lang='lat' dir='ltr'>perfeffionem</span> <span class='ocrx_word' id='word_1_63' title='bbox 942 677 954 701; x_wconf 84' lang='lat'>‚</span> <span class='ocrx_word' id='word_1_64' title='bbox 998 635 1085 690; x_wconf 90' lang='lat' dir='ltr'>vel</span> <span class='ocrx_word' id='word_1_65' title='bbox 1117 654 1260 711; x_wconf 87' lang='lat' dir='ltr'>quae</span> <span class='ocrx_word' id='word_1_66' title='bbox 1284 637 1342 690; x_wconf 93' lang='lat' dir='ltr'>in</span> <span class='ocrx_word' id='word_1_67' title='bbox 1377 653 1438 692; x_wconf 87' lang='lat' dir='ltr'>ea</span> <span class='ocrx_word' id='word_1_68' title='bbox 1464 635 1664 711; x_wconf 84' lang='lat' dir='ltr'>poffint</span> <span class='ocrx_word' id='word_1_69' title='bbox 1687 635 1756 693; x_wconf 90' lang='lat' dir='ltr'>ab</span> <span class='ocrx_word' id='word_1_70' title='bbox 1778 638 1980 693; x_wconf 89' lang='lat' dir='ltr'>acerbo</span> <span class='ocrx_word' id='word_1_71' title='bbox 2005 636 2093 692; x_wconf 88' lang='lat' dir='ltr'>ali-</span> 
     </span>
     <span class='ocr_line' id='line_1_9' title="bbox 136 707 2094 786; baseline 0.001 -22"><span class='ocrx_word' id='word_1_72' title='bbox 136 727 252 783; x_wconf 91' lang='lat' dir='ltr'>quo</span> <span class='ocrx_word' id='word_1_73' title='bbox 275 707 494 765; x_wconf 87' lang='lat' dir='ltr'>censore</span> <span class='ocrx_word' id='word_1_74' title='bbox 515 712 662 784; x_wconf 89' lang='lat' dir='ltr'>carpi</span> <span class='ocrx_word' id='word_1_75' title='bbox 685 729 745 766; x_wconf 90' lang='lat' dir='ltr'>ac</span> <span class='ocrx_word' id='word_1_76' title='bbox 767 709 1115 784; x_wconf 81' lang='lat' dir='ltr'>reprehendi,</span> <span class='ocrx_word' id='word_1_77' title='bbox 1155 708 1264 785; x_wconf 90' lang='lat' dir='ltr'>ipse</span> <span class='ocrx_word' id='word_1_78' title='bbox 1291 711 1734 785; x_wconf 79' lang='lat' dir='ltr'>bonam-partem</span> <span class='ocrx_word' id='word_1_79' title='bbox 1761 710 1995 786; x_wconf 81' lang='lat' dir='ltr'>pulchre</span> <span class='ocrx_word' id='word_1_80' title='bbox 2020 713 2094 767; x_wconf 91' lang='lat' dir='ltr'>vi-</span> 
     </span>
     <span class='ocr_line' id='line_1_10' title="bbox 138 782 2092 863; baseline 0.002 -24"><span class='ocrx_word' id='word_1_81' title='bbox 138 784 260 853; x_wconf 87' lang='lat' dir='ltr'>de0‚</span> <span class='ocrx_word' id='word_1_82' title='bbox 301 782 388 839; x_wconf 88' lang='lat' dir='ltr'>sed</span> <span class='ocrx_word' id='word_1_83' title='bbox 415 783 575 840; x_wconf 88' lang='lat' dir='ltr'>video</span> <span class='ocrx_word' id='word_1_84' title='bbox 601 787 764 854; x_wconf 77' lang='lat' dir='ltr'>etiam</span> <span class='ocrx_word' id='word_1_85' title='bbox 800 785 1046 858; x_wconf 81' lang='lat' dir='ltr'>quotidie</span> <span class='ocrx_word' id='word_1_86' title='bbox 1074 788 1246 844; x_wconf 88' lang='lat' dir='ltr'>multa</span> <span class='ocrx_word' id='word_1_87' title='bbox 1279 802 1332 841; x_wconf 89' lang='lat' dir='ltr'>et</span> <span class='ocrx_word' id='word_1_88' title='bbox 1360 785 1565 845; x_wconf 85' lang='lat' dir='ltr'>multos</span> <span class='ocrx_word' id='word_1_89' title='bbox 1597 786 1931 863; x_wconf 86' lang='lat' dir='ltr'>reprehendi</span> <span class='ocrx_word' id='word_1_90' title='bbox 1970 788 2092 842; x_wconf 91' lang='lat' dir='ltr'>stre-</span> 
     </span>
     <span class='ocr_line' id='line_1_11' title="bbox 138 859 2094 936; baseline 0.002 -22"><span class='ocrx_word' id='word_1_91' title='bbox 138 877 250 914; x_wconf 89' lang='lat' dir='ltr'>nue</span> <span class='ocrx_word' id='word_1_92' title='bbox 282 859 350 915; x_wconf 89' lang='lat' dir='ltr'>ab</span> <span class='ocrx_word' id='word_1_93' title='bbox 388 861 469 926; x_wconf 84' lang='lat' dir='ltr'>iis,</span> <span class='ocrx_word' id='word_1_94' title='bbox 511 861 608 934; x_wconf 89' lang='lat' dir='ltr'>qui</span> <span class='ocrx_word' id='word_1_95' title='bbox 632 859 767 916; x_wconf 92' lang='lat' dir='ltr'>nihil</span> <span class='ocrx_word' id='word_1_96' title='bbox 801 861 996 917; x_wconf 88' lang='lat' dir='ltr'>melius</span> <span class='ocrx_word' id='word_1_97' title='bbox 1027 863 1313 936; x_wconf 87' lang='lat' dir='ltr'>praestant.</span> <span class='ocrx_word' id='word_1_98' title='bbox 1429 861 1749 923; x_wconf 86' lang='lat' dir='ltr'>Iucundum</span> <span class='ocrx_word' id='word_1_99' title='bbox 1786 863 2094 922; x_wconf 12' lang='lat' dir='ltr'>tamenbest</span> 
     </span>
     <span class='ocr_line' id='line_1_12' title="bbox 138 934 2096 1013; baseline 0.002 -24"><span class='ocrx_word' id='word_1_100' title='bbox 138 934 302 1004; x_wconf 84' lang='lat' dir='ltr'>mihi,</span> <span class='ocrx_word' id='word_1_101' title='bbox 360 934 750 1010; x_wconf 89' lang='lat' dir='ltr'>qualecunque</span> <span class='ocrx_word' id='word_1_102' title='bbox 792 937 1032 992; x_wconf 89' lang='lat' dir='ltr'>studium</span> <span class='ocrx_word' id='word_1_103' title='bbox 1081 937 1237 1013; x_wconf 87' lang='lat' dir='ltr'>quod</span> <span class='ocrx_word' id='word_1_104' title='bbox 1283 936 1548 997; x_wconf 65' lang='lat' dir='ltr'>hastenus</span> <span class='ocrx_word' id='word_1_105' title='bbox 1582 940 1659 998; x_wconf 85' lang='lat' dir='ltr'>rei</span> <span class='ocrx_word' id='word_1_106' title='bbox 1685 938 1970 999; x_wconf 75' lang='lat' dir='ltr'>litterariae</span> <span class='ocrx_word' id='word_1_107' title='bbox 1992 955 2096 1012; x_wconf 85' lang='lat' dir='ltr'>pro</span> 
     </span>
     <span class='ocr_line' id='line_1_13' title="bbox 139 1011 2096 1090; baseline 0.002 -25"><span class='ocrx_word' id='word_1_108' title='bbox 139 1011 336 1084; x_wconf 83' lang='lat' dir='ltr'>exigua</span> <span class='ocrx_word' id='word_1_109' title='bbox 373 1028 496 1067; x_wconf 88' lang='lat' dir='ltr'>mea</span> <span class='ocrx_word' id='word_1_110' title='bbox 524 1025 675 1084; x_wconf 87' lang='lat' dir='ltr'>parte</span> <span class='ocrx_word' id='word_1_111' title='bbox 709 1012 1034 1086; x_wconf 66' lang='lat' dir='ltr'>‚impendere</span> <span class='ocrx_word' id='word_1_112' title='bbox 1060 1029 1288 1069; x_wconf 84' lang='lat' dir='ltr'>conatus</span> <span class='ocrx_word' id='word_1_113' title='bbox 1322 1011 1469 1082; x_wconf 87' lang='lat' dir='ltr'>sum,</span> <span class='ocrx_word' id='word_1_114' title='bbox 1530 1032 1647 1074; x_wconf 88' lang='lat' dir='ltr'>non</span> <span class='ocrx_word' id='word_1_115' title='bbox 1682 1016 1870 1090; x_wconf 82' lang='lat' dir='ltr'>paucis</span> <span class='ocrx_word' id='word_1_116' title='bbox 1905 1013 2096 1082; x_wconf 56' lang='lat' dir='ltr'>doctis²</span> 
     </span>
     <span class='ocr_line' id='line_1_14' title="bbox 141 1085 2097 1163; baseline 0.003 -24"><span class='ocrx_word' id='word_1_117' title='bbox 141 1087 328 1158; x_wconf 82' lang='lat' dir='ltr'>aequis</span> <span class='ocrx_word' id='word_1_118' title='bbox 348 1100 407 1140; x_wconf 83' lang='lat' dir='ltr'>ct</span> <span class='ocrx_word' id='word_1_119' title='bbox 439 1085 680 1141; x_wconf 86' lang='lat' dir='ltr'>candidis</span> <span class='ocrx_word' id='word_1_120' title='bbox 711 1085 1033 1144; x_wconf 87' lang='lat' dir='ltr'>hominibus</span> <span class='ocrx_word' id='word_1_121' title='bbox 1075 1091 1307 1144; x_wconf 88' lang='lat' dir='ltr'>minime</span> <span class='ocrx_word' id='word_1_122' title='bbox 1345 1088 1693 1163; x_wconf 69' lang='lat' dir='ltr'>displicuisse{</span> <span class='ocrx_word' id='word_1_123' title='bbox 1732 1090 1790 1148; x_wconf 71' lang='grc' dir='ltr'>ὅτ</span> <span class='ocrx_word' id='word_1_124' title='bbox 1810 1090 1878 1146; x_wconf 90' lang='lat' dir='ltr'>ab</span> <span class='ocrx_word' id='word_1_125' title='bbox 1907 1089 2097 1145; x_wconf 88' lang='lat' dir='ltr'>huma-</span> 
     </span>
     <span class='ocr_line' id='line_1_15' title="bbox 140 1158 2097 1234; baseline 0.002 -19"><span class='ocrx_word' id='word_1_126' title='bbox 140 1162 305 1215; x_wconf 80' lang='lat' dir='ltr'>nitate</span> <span class='ocrx_word' id='word_1_127' title='bbox 331 1158 577 1234; x_wconf 86' lang='lat' dir='ltr'>ipforum</span> <span class='ocrx_word' id='word_1_128' title='bbox 599 1160 852 1227; x_wconf 60' lang='lat' dir='ltr'>relicstum</span> <span class='ocrx_word' id='word_1_129' title='bbox 879 1161 1197 1220; x_wconf 61' lang='lat' dir='ltr'>mihi‘fuisi‘e</span> <span class='ocrx_word' id='word_1_130' title='bbox 1229 1163 1416 1223; x_wconf 86' lang='lat' dir='ltr'>locum</span> <span class='ocrx_word' id='word_1_131' title='bbox 1448 1165 1784 1221; x_wconf 89' lang='lat' dir='ltr'>emendandi</span> <span class='ocrx_word' id='word_1_132' title='bbox 1828 1184 1920 1222; x_wconf 89' lang='lat' dir='ltr'>me</span> <span class='ocrx_word' id='word_1_133' title='bbox 1956 1182 2097 1220; x_wconf 86' lang='lat' dir='ltr'>mea-</span> 
     </span>
     <span class='ocr_line' id='line_1_16' title="bbox 141 1235 2098 1310; baseline 0.003 -21"><span class='ocrx_word' id='word_1_134' title='bbox 141 1252 267 1309; x_wconf 90' lang='lat' dir='ltr'>que.</span> <span class='ocrx_word' id='word_1_135' title='bbox 351 1235 538 1310; x_wconf 84' lang='lat' dir='ltr'>Itaque</span> <span class='ocrx_word' id='word_1_136' title='bbox 561 1253 612 1291; x_wconf 90' lang='lat' dir='ltr'>et</span> <span class='ocrx_word' id='word_1_137' title='bbox 632 1236 763 1292; x_wconf 89' lang='lat' dir='ltr'>huic</span> <span class='ocrx_word' id='word_1_138' title='bbox 786 1238 926 1293; x_wconf 90' lang='lat' dir='ltr'>libro</span> <span class='ocrx_word' id='word_1_139' title='bbox 949 1257 1065 1296; x_wconf 90' lang='lat' dir='ltr'>non</span> <span class='ocrx_word' id='word_1_140' title='bbox 1095 1239 1232 1295; x_wconf 87' lang='lat' dir='ltr'>adeo</span> <span class='ocrx_word' id='word_1_141' title='bbox 1255 1256 1444 1295; x_wconf 88' lang='lat' dir='ltr'>metuo</span> <span class='ocrx_word' id='word_1_142' title='bbox 1468 1239 1536 1296; x_wconf 89' lang='lat' dir='ltr'>ab</span> <span class='ocrx_word' id='word_1_143' title='bbox 1566 1240 1793 1296; x_wconf 87' lang='lat' dir='ltr'>illorum</span> <span class='ocrx_word' id='word_1_144' title='bbox 1815 1238 2098 1304; x_wconf 77' lang='lat' dir='ltr'>similibus,</span> 
     </span>
     <span class='ocr_line' id='line_1_17' title="bbox 140 1309 2100 1390; baseline 0.002 -25"><span class='ocrx_word' id='word_1_145' title='bbox 140 1309 415 1367; x_wconf 84' lang='lat' dir='ltr'>disfimiles</span> <span class='ocrx_word' id='word_1_146' title='bbox 454 1330 622 1379; x_wconf 88' lang='lat' dir='ltr'>nemo</span> <span class='ocrx_word' id='word_1_147' title='bbox 647 1310 802 1368; x_wconf 85' lang='lat' dir='ltr'>sanus</span> <span class='ocrx_word' id='word_1_148' title='bbox 829 1330 1011 1380; x_wconf 79' lang='lat' dir='ltr'>curet,</span> <span class='ocrx_word' id='word_1_149' title='bbox 1078 1332 1326 1387; x_wconf 91' lang='lat' dir='ltr'>quorum</span> <span class='ocrx_word' id='word_1_150' title='bbox 1357 1315 1662 1373; x_wconf 83' lang='lat' dir='ltr'>inhumana</span> <span class='ocrx_word' id='word_1_151' title='bbox 1689 1318 1948 1390; x_wconf 84' lang='lat' dir='ltr'>iniquitas</span> <span class='ocrx_word' id='word_1_152' title='bbox 1982 1332 2100 1370; x_wconf 91' lang='lat' dir='ltr'>non</span> 
     </span>
     <span class='ocr_line' id='line_1_18' title="bbox 143 1385 2100 1464; baseline 0.002 -23"><span class='ocrx_word' id='word_1_153' title='bbox 143 1385 315 1441; x_wconf 88' lang='lat' dir='ltr'>modo</span> <span class='ocrx_word' id='word_1_154' title='bbox 335 1386 557 1443; x_wconf 87' lang='lat' dir='ltr'>auribus</span> <span class='ocrx_word' id='word_1_155' title='bbox 582 1404 744 1453; x_wconf 90' lang='lat' dir='ltr'>caret,</span> <span class='ocrx_word' id='word_1_156' title='bbox 783 1388 939 1461; x_wconf 87' lang='lat' dir='ltr'>quod</span> <span class='ocrx_word' id='word_1_157' title='bbox 970 1389 1039 1443; x_wconf 90' lang='lat' dir='ltr'>de</span> <span class='ocrx_word' id='word_1_158' title='bbox 1064 1404 1259 1446; x_wconf 88' lang='lat' dir='ltr'>ventre</span> <span class='ocrx_word' id='word_1_159' title='bbox 1278 1391 1447 1456; x_wconf 81' lang='lat' dir='ltr'>aiunt,</span> <span class='ocrx_word' id='word_1_160' title='bbox 1488 1387 1578 1461; x_wconf 86' lang='lat' dir='ltr'>sed</span> <span class='ocrx_word' id='word_1_161' title='bbox 1599 1388 1755 1462; x_wconf 85' lang='lat' dir='ltr'>quod</span> <span class='ocrx_word' id='word_1_162' title='bbox 1790 1391 1970 1464; x_wconf 86' lang='lat' dir='ltr'>magis</span> <span class='ocrx_word' id='word_1_163' title='bbox 2002 1390 2100 1444; x_wconf 88' lang='lat' dir='ltr'>mi-</span> 
     </span>
     <span class='ocr_line' id='line_1_19' title="bbox 141 1459 2101 1531; baseline 0.001 -15"><span class='ocrx_word' id='word_1_164' title='bbox 141 1479 271 1516; x_wconf 89' lang='lat' dir='ltr'>rum</span> <span class='ocrx_word' id='word_1_165' title='bbox 301 1463 356 1515; x_wconf 90' lang='lat' dir='ltr'>in</span> <span class='ocrx_word' id='word_1_166' title='bbox 389 1461 619 1516; x_wconf 90' lang='lat' dir='ltr'>homine</span> <span class='ocrx_word' id='word_1_167' title='bbox 651 1462 836 1517; x_wconf 88' lang='lat' dir='ltr'>litteris</span> <span class='ocrx_word' id='word_1_168' title='bbox 861 1465 1097 1518; x_wconf 88' lang='lat' dir='ltr'>contrito</span> <span class='ocrx_word' id='word_1_169' title='bbox 1130 1479 1183 1519; x_wconf 92' lang='lat' dir='ltr'>et</span> <span class='ocrx_word' id='word_1_170' title='bbox 1222 1459 1597 1531; x_wconf 84' lang='lat' dir='ltr'>miserandum</span> <span class='ocrx_word' id='word_1_171' title='bbox 1635 1463 1712 1517; x_wconf 91' lang='lat' dir='ltr'>est</span> <span class='ocrx_word' id='word_1_172' title='bbox 1733 1501 1752 1527; x_wconf 84' lang='lat'><em>,</em></span> <span class='ocrx_word' id='word_1_173' title='bbox 1815 1460 1967 1518; x_wconf 86' lang='lat' dir='ltr'>sensu</span> <span class='ocrx_word' id='word_1_174' title='bbox 2009 1461 2101 1518; x_wconf 87' lang='lat' dir='ltr'>sui.</span> 
     </span>
     <span class='ocr_line' id='line_1_20' title="bbox 140 1534 2105 1612; baseline 0.001 -22"><span class='ocrx_word' id='word_1_175' title='bbox 140 1536 339 1591; x_wconf 91' lang='lat' dir='ltr'>Vnum</span> <span class='ocrx_word' id='word_1_176' title='bbox 362 1535 430 1591; x_wconf 91' lang='lat' dir='ltr'>de</span> <span class='ocrx_word' id='word_1_177' title='bbox 457 1554 570 1610; x_wconf 90' lang='lat' dir='ltr'>quo</span> <span class='ocrx_word' id='word_1_178' title='bbox 591 1536 739 1609; x_wconf 87' lang='lat' dir='ltr'>apud</span> <span class='ocrx_word' id='word_1_179' title='bbox 766 1537 1008 1592; x_wconf 88' lang='lat' dir='ltr'>eruditos</span> <span class='ocrx_word' id='word_1_180' title='bbox 1039 1534 1356 1592; x_wconf 78' lang='lat' dir='ltr'>excusatum</span> <span class='ocrx_word' id='word_1_181' title='bbox 1381 1553 1472 1590; x_wconf 89' lang='lat' dir='ltr'>me</span> <span class='ocrx_word' id='word_1_182' title='bbox 1488 1536 1636 1605; x_wconf 82' lang='lat' dir='ltr'>vo10,</span> <span class='ocrx_word' id='word_1_183' title='bbox 1680 1554 1797 1592; x_wconf 91' lang='lat' dir='ltr'>non</span> <span class='ocrx_word' id='word_1_184' title='bbox 1820 1539 2105 1612; x_wconf 88' lang='lat' dir='ltr'>praeterie-</span> 
     </span>
     <span class='ocr_line' id='line_1_21' title="bbox 142 1607 2106 1686; baseline 0.001 -20"><span class='ocrx_word' id='word_1_185' title='bbox 142 1612 266 1676; x_wconf 87' lang='lat' dir='ltr'>rim,</span> <span class='ocrx_word' id='word_1_186' title='bbox 306 1625 367 1665; x_wconf 85' lang='lat' dir='ltr'>vt</span> <span class='ocrx_word' id='word_1_187' title='bbox 397 1629 468 1665; x_wconf 92' lang='lat' dir='ltr'>ne</span> <span class='ocrx_word' id='word_1_188' title='bbox 489 1607 684 1670; x_wconf 87' lang='lat' dir='ltr'>scilicet</span> <span class='ocrx_word' id='word_1_189' title='bbox 709 1626 923 1666; x_wconf 84' lang='lat' dir='ltr'>vertant</span> <span class='ocrx_word' id='word_1_190' title='bbox 946 1611 1082 1666; x_wconf 88' lang='lat' dir='ltr'>mihi</span> <span class='ocrx_word' id='word_1_191' title='bbox 1107 1613 1256 1679; x_wconf 85' lang='lat' dir='ltr'>vitio,</span> <span class='ocrx_word' id='word_1_192' title='bbox 1299 1610 1456 1685; x_wconf 85' lang='lat' dir='ltr'>quod</span> <span class='ocrx_word' id='word_1_193' title='bbox 1476 1609 2106 1686; x_wconf 80' lang='lat' dir='ltr'>DisputationesAcade-</span> 
     </span>
     <span class='ocr_line' id='line_1_22' title="bbox 144 1685 2103 1756; baseline 0 -14"><span class='ocrx_word' id='word_1_194' title='bbox 144 1687 312 1742; x_wconf 86' lang='lat' dir='ltr'>micas</span> <span class='ocrx_word' id='word_1_195' title='bbox 339 1685 662 1740; x_wconf 86' lang='lat' dir='ltr'>nostratium</span> <span class='ocrx_word' id='word_1_196' title='bbox 696 1685 1116 1746; x_wconf 84' lang='lat' dir='ltr'>Germanorum</span> <span class='ocrx_word' id='word_1_197' title='bbox 1143 1686 1273 1742; x_wconf 88' lang='lat' dir='ltr'>hinc</span> <span class='ocrx_word' id='word_1_198' title='bbox 1302 1686 1461 1756; x_wconf 87' lang='lat' dir='ltr'>inde,</span> <span class='ocrx_word' id='word_1_199' title='bbox 1512 1689 1683 1743; x_wconf 88' lang='lat' dir='ltr'>rarius</span> <span class='ocrx_word' id='word_1_200' title='bbox 1710 1702 1904 1743; x_wconf 79' lang='lat' dir='ltr'>tamen</span> <span class='ocrx_word' id='word_1_201' title='bbox 1942 1687 2103 1744; x_wconf 65' lang='lat' dir='ltr'>retuli</span> 
     </span>
     <span class='ocr_line' id='line_1_23' title="bbox 145 1757 2103 1836; baseline 0.001 -20"><span class='ocrx_word' id='word_1_202' title='bbox 145 1763 203 1816; x_wconf 90' lang='lat' dir='ltr'>in</span> <span class='ocrx_word' id='word_1_203' title='bbox 227 1757 476 1827; x_wconf 80' lang='lat' dir='ltr'>censum,</span> <span class='ocrx_word' id='word_1_204' title='bbox 528 1779 767 1835; x_wconf 87' lang='lat' dir='ltr'>quarum</span> <span class='ocrx_word' id='word_1_205' title='bbox 798 1760 1003 1836; x_wconf 87' lang='lat' dir='ltr'>aliquas</span> <span class='ocrx_word' id='word_1_206' title='bbox 1035 1762 1447 1827; x_wconf 88' lang='lat' dir='ltr'>iudicabuntilli</span> <span class='ocrx_word' id='word_1_207' title='bbox 1485 1759 1716 1818; x_wconf 84' lang='lat' dir='ltr'>fortaffis</span> <span class='ocrx_word' id='word_1_208' title='bbox 1743 1761 1986 1818; x_wconf 78' lang='lat' dir='ltr'>debuisse</span> <span class='ocrx_word' id='word_1_209' title='bbox 2010 1781 2103 1818; x_wconf 89' lang='lat' dir='ltr'>me</span> 
     </span>
     <span class='ocr_line' id='line_1_24' title="bbox 149 1834 2101 1916; baseline 0.002 -25"><span class='ocrx_word' id='word_1_210' title='bbox 149 1835 372 1903; x_wconf 83' lang='lat' dir='ltr'>habere,</span> <span class='ocrx_word' id='word_1_211' title='bbox 399 1837 544 1893; x_wconf 39' lang='grc' dir='ltr'>ἕωθέν</span> <span class='ocrx_word' id='word_1_212' title='bbox 564 1841 712 1916; x_wconf 63' lang='grc' dir='ltr'>λόγῳ,</span> <span class='ocrx_word' id='word_1_213' title='bbox 751 1837 901 1893; x_wconf 61' lang='grc' dir='ltr'>ὂυδ’ὲν</span> <span class='ocrx_word' id='word_1_214' title='bbox 924 1843 1119 1912; x_wconf 57' lang='grc' dir='ltr'>ἀριθμῷ.</span> <span class='ocrx_word' id='word_1_215' title='bbox 1197 1838 1284 1893; x_wconf 88' lang='lat' dir='ltr'>Ac</span> <span class='ocrx_word' id='word_1_216' title='bbox 1317 1834 1420 1894; x_wconf 92' lang='lat' dir='ltr'>scio</span> <span class='ocrx_word' id='word_1_217' title='bbox 1460 1857 1632 1912; x_wconf 89' lang='lat' dir='ltr'>quam</span> <span class='ocrx_word' id='word_1_218' title='bbox 1657 1839 2101 1894; x_wconf 77' lang='lat' dir='ltr'>iustissima&#39;aesti-</span> 
     </span>
     <span class='ocr_line' id='line_1_25' title="bbox 149 1908 2102 1991; baseline 0.001 -25"><span class='ocrx_word' id='word_1_219' title='bbox 149 1913 392 1966; x_wconf 86' lang='lat' dir='ltr'>matione</span> <span class='ocrx_word' id='word_1_220' title='bbox 423 1926 492 1964; x_wconf 82' lang='lat' dir='ltr'>ex</span> <span class='ocrx_word' id='word_1_221' title='bbox 513 1908 611 1964; x_wconf 90' lang='lat' dir='ltr'>illis</span> <span class='ocrx_word' id='word_1_222' title='bbox 638 1909 843 1965; x_wconf 88' lang='lat' dir='ltr'>multae</span> <span class='ocrx_word' id='word_1_223' title='bbox 865 1927 1293 1968; x_wconf 85' lang='lat' dir='ltr'>contemnantur</span> <span class='ocrx_word' id='word_1_224' title='bbox 1320 1932 1383 1970; x_wconf 88' lang='lat' dir='ltr'>ac</span> <span class='ocrx_word' id='word_1_225' title='bbox 1402 1929 1831 1988; x_wconf 79' lang='lat' dir='ltr'>praetereantur,</span> <span class='ocrx_word' id='word_1_226' title='bbox 1869 1911 2102 1991; x_wconf 31' lang='lat' dir='ltr'>sedoalias</span> 
     </span>
     <span class='ocr_line' id='line_1_26' title="bbox 152 1983 2102 2063; baseline 0.002 -23"><span class='ocrx_word' id='word_1_227' title='bbox 152 1983 383 2041; x_wconf 72' lang='lat' dir='ltr'>viciffim</span> <span class='ocrx_word' id='word_1_228' title='bbox 420 1999 679 2059; x_wconf 66' lang='lat' dir='ltr'>expertus</span> <span class='ocrx_word' id='word_1_229' title='bbox 704 1983 822 2041; x_wconf 90' lang='lat' dir='ltr'>sum</span> <span class='ocrx_word' id='word_1_230' title='bbox 849 1985 994 2047; x_wconf 57' lang='lat' dir='ltr'>lfflcu</span> <span class='ocrx_word' id='word_1_231' title='bbox 1020 1987 1121 2042; x_wconf 74' lang='lat' dir='ltr'>efl&#39;e</span> <span class='ocrx_word' id='word_1_232' title='bbox 1143 1988 1512 2063; x_wconf 74' lang='lat' dir='ltr'>digniffimaS‚.</span> <span class='ocrx_word' id='word_1_233' title='bbox 1540 2008 1593 2045; x_wconf 91' lang='lat' dir='ltr'>et</span> <span class='ocrx_word' id='word_1_234' title='bbox 1617 1988 1789 2044; x_wconf 88' lang='lat' dir='ltr'>multa</span> <span class='ocrx_word' id='word_1_235' title='bbox 1810 1986 2102 2063; x_wconf 63' lang='lat' dir='ltr'>complecii</span> 
     </span>
     <span class='ocr_line' id='line_1_27' title="bbox 154 2057 2103 2140; baseline 0.001 -24"><span class='ocrx_word' id='word_1_236' title='bbox 154 2064 339 2135; x_wconf 79' lang='lat' dir='ltr'>paucis</span> <span class='ocrx_word' id='word_1_237' title='bbox 360 2057 518 2130; x_wconf 74' lang='lat' dir='ltr'>foliis,</span> <span class='ocrx_word' id='word_1_238' title='bbox 560 2078 701 2135; x_wconf 87' lang='lat' dir='ltr'>quae</span> <span class='ocrx_word' id='word_1_239' title='bbox 728 2079 931 2136; x_wconf 81' lang='lat' dir='ltr'>magna</span> <span class='ocrx_word' id='word_1_240' title='bbox 954 2062 1249 2138; x_wconf 85' lang='lat' dir='ltr'>aliquando</span> <span class='ocrx_word' id='word_1_241' title='bbox 1274 2064 1560 2121; x_wconf 86' lang='lat' dir='ltr'>volumina</span> <span class='ocrx_word' id='word_1_242' title='bbox 1588 2066 1870 2140; x_wconf 86' lang='lat' dir='ltr'>patiuntur</span> <span class='ocrx_word' id='word_1_243' title='bbox 1889 2083 1919 2119; x_wconf 88' lang='lat' dir='ltr'>a</span> <span class='ocrx_word' id='word_1_244' title='bbox 1943 2063 2103 2119; x_wconf 85' lang='lat' dir='ltr'>nobis</span> 
     </span>
     <span class='ocr_line' id='line_1_28' title="bbox 155 2136 2105 2214; baseline 0.001 -22"><span class='ocrx_word' id='word_1_245' title='bbox 155 2136 456 2192; x_wconf 65' lang='lat' dir='ltr'>desiderari.</span> <span class='ocrx_word' id='word_1_246' title='bbox 490 2190 494 2195; x_wconf 81' lang='grc'><em>,</em></span> <span class='ocrx_word' id='word_1_247' title='bbox 533 2137 612 2193; x_wconf 90' lang='lat' dir='ltr'>Vt</span> <span class='ocrx_word' id='word_1_248' title='bbox 632 2138 801 2211; x_wconf 77' lang='lat' dir='ltr'>igitur</span> <span class='ocrx_word' id='word_1_249' title='bbox 825 2140 1070 2193; x_wconf 87' lang='lat' dir='ltr'>tironum</span> <span class='ocrx_word' id='word_1_250' title='bbox 1092 2142 1386 2214; x_wconf 82' lang='lat' dir='ltr'>praecipue</span> <span class='ocrx_word' id='word_1_251' title='bbox 1408 2142 1726 2196; x_wconf 85' lang='lat' dir='ltr'>nostrorum</span> <span class='ocrx_word' id='word_1_252' title='bbox 1761 2137 2105 2195; x_wconf 85' lang='lat' dir='ltr'>consulerem</span> 
     </span>
     <span class='ocr_line' id='line_1_29' title="bbox 154 2210 2150 2288; baseline 0 -20"><span class='ocrx_word' id='word_1_253' title='bbox 154 2214 333 2287; x_wconf 82' lang='lat' dir='ltr'>captui</span> <span class='ocrx_word' id='word_1_254' title='bbox 356 2230 408 2267; x_wconf 89' lang='lat' dir='ltr'>ct</span> <span class='ocrx_word' id='word_1_255' title='bbox 435 2211 634 2279; x_wconf 82' lang='lat' dir='ltr'>studiis,</span> <span class='ocrx_word' id='word_1_256' title='bbox 671 2214 767 2284; x_wconf 92' lang='lat' dir='ltr'>qui</span> <span class='ocrx_word' id='word_1_257' title='bbox 790 2210 1174 2287; x_wconf 83' lang='lat' dir='ltr'>disputationes</span> <span class='ocrx_word' id='word_1_258' title='bbox 1193 2215 1465 2272; x_wconf 88' lang='lat' dir='ltr'>eiusmodi</span> <span class='ocrx_word' id='word_1_259' title='bbox 1487 2213 1695 2275; x_wconf 82' lang='lat' dir='ltr'>facilius</span> <span class='ocrx_word' id='word_1_260' title='bbox 1716 2215 1937 2288; x_wconf 84' lang='lat' dir='ltr'>possunt</span> <span class='ocrx_word' id='word_1_261' title='bbox 1957 2232 2103 2288; x_wconf 85' lang='lat' dir='ltr'>para-</span> <span class='ocrx_word' id='word_1_262' title='bbox 2147 2278 2150 2281; x_wconf 83' lang='lat'>.</span> 
     </span>
     <span class='ocr_line' id='line_1_30' title="bbox 159 2287 2107 2365; baseline 0 -22"><span class='ocrx_word' id='word_1_263' title='bbox 159 2307 237 2352; x_wconf 79' lang='lat' dir='ltr'>re,</span> <span class='ocrx_word' id='word_1_264' title='bbox 278 2302 428 2343; x_wconf 71' lang='lat' dir='ltr'>extra</span> <span class='ocrx_word' id='word_1_265' title='bbox 462 2287 685 2361; x_wconf 81' lang='lat' dir='ltr'>glebam</span> <span class='ocrx_word' id='word_1_266' title='bbox 710 2288 832 2343; x_wconf 90' lang='lat' dir='ltr'>licet</span> <span class='ocrx_word' id='word_1_267' title='bbox 858 2291 915 2344; x_wconf 89' lang='lat' dir='ltr'>in</span> <span class='ocrx_word' id='word_1_268' title='bbox 945 2308 1055 2364; x_wconf 86' lang='lat' dir='ltr'>qua</span> <span class='ocrx_word' id='word_1_269' title='bbox 1083 2307 1240 2347; x_wconf 87' lang='lat' dir='ltr'>natae</span> <span class='ocrx_word' id='word_1_270' title='bbox 1271 2289 1393 2347; x_wconf 85' lang='lat' dir='ltr'>sunt</span> <span class='ocrx_word' id='word_1_271' title='bbox 1431 2294 1603 2348; x_wconf 88' lang='lat' dir='ltr'>rarius</span> <span class='ocrx_word' id='word_1_272' title='bbox 1640 2288 1873 2365; x_wconf 88' lang='lat' dir='ltr'>conspici</span> <span class='ocrx_word' id='word_1_273' title='bbox 1914 2287 2107 2355; x_wconf 72' lang='lat' dir='ltr'>solitast,</span> 
     </span>
     <span class='ocr_line' id='line_1_31' title="bbox 159 2362 2107 2442; baseline 0.001 -26"><span class='ocrx_word' id='word_1_274' title='bbox 159 2381 349 2418; x_wconf 82' lang='lat' dir='ltr'>carum</span> <span class='ocrx_word' id='word_1_275' title='bbox 383 2381 522 2439; x_wconf 88' lang='lat' dir='ltr'>quae</span> <span class='ocrx_word' id='word_1_276' title='bbox 545 2366 602 2419; x_wconf 90' lang='lat' dir='ltr'>in</span> <span class='ocrx_word' id='word_1_277' title='bbox 626 2363 918 2419; x_wconf 77' lang='lat' dir='ltr'>curiosiore</span> <span class='ocrx_word' id='word_1_278' title='bbox 951 2365 1134 2440; x_wconf 83' lang='lat' dir='ltr'>aliquo</span> <span class='ocrx_word' id='word_1_279' title='bbox 1157 2368 1514 2442; x_wconf 84' lang='lat' dir='ltr'>Antiquitatis</span> <span class='ocrx_word' id='word_1_280' title='bbox 1545 2381 1878 2441; x_wconf 75' lang='lat' dir='ltr'>argumento</span> <span class='ocrx_word' id='word_1_281' title='bbox 1898 2362 2107 2420; x_wconf 87' lang='lat' dir='ltr'>versan-</span> 
     </span>
     <span class='ocr_line' id='line_1_32' title="bbox 163 2437 2107 2513; baseline 0.002 -23"><span class='ocrx_word' id='word_1_282' title='bbox 163 2453 276 2501; x_wconf 78' lang='lat' dir='ltr'>tur,</span> <span class='ocrx_word' id='word_1_283' title='bbox 308 2437 456 2492; x_wconf 40' lang='lat' dir='ltr'>*licet</span> <span class='ocrx_word' id='word_1_284' title='bbox 486 2458 600 2494; x_wconf 91' lang='lat' dir='ltr'>non</span> <span class='ocrx_word' id='word_1_285' title='bbox 639 2439 801 2513; x_wconf 87' lang='lat' dir='ltr'>plane</span> <span class='ocrx_word' id='word_1_286' title='bbox 842 2439 1419 2509; x_wconf 84' lang='lat' dir='ltr'>elaboratiffimarum,</span> <span class='ocrx_word' id='word_1_287' title='bbox 1486 2438 1833 2498; x_wconf 77' lang='lat' dir='ltr'>mentionem</span> <span class='ocrx_word' id='word_1_288' title='bbox 1878 2437 2107 2495; x_wconf 88' lang='lat' dir='ltr'>subinde</span> 
     </span>
     <span class='ocr_line' id='line_1_33' title="bbox 162 2513 2108 2593; baseline 0.002 -29"><span class='ocrx_word' id='word_1_289' title='bbox 162 2513 417 2578; x_wconf 82' lang='lat' dir='ltr'>omittere</span> <span class='ocrx_word' id='word_1_290' title='bbox 447 2515 613 2569; x_wconf 85' lang='lat' dir='ltr'>nolui.</span> <span class='ocrx_word' id='word_1_291' title='bbox 740 2515 1108 2573; x_wconf 78' lang='lat' dir='ltr'>Praetermissa</span> <span class='ocrx_word' id='word_1_292' title='bbox 1144 2518 1472 2593; x_wconf 81' lang='lat' dir='ltr'>adiungere,</span> <span class='ocrx_word' id='word_1_293' title='bbox 1521 2517 1930 2589; x_wconf 89' lang='lat' dir='ltr'>emendareque</span> <span class='ocrx_word' id='word_1_294' title='bbox 1965 2531 2108 2589; x_wconf 86' lang='lat' dir='ltr'>quae</span> 
     </span>
     <span class='ocr_line' id='line_1_34' title="bbox 162 2587 2110 2667; baseline 0.002 -28"><span class='ocrx_word' id='word_1_295' title='bbox 162 2605 456 2661; x_wconf 86' lang='lat' dir='ltr'>perperam</span> <span class='ocrx_word' id='word_1_296' title='bbox 489 2589 656 2660; x_wconf 76' lang='lat' dir='ltr'>posita</span> <span class='ocrx_word' id='word_1_297' title='bbox 686 2587 832 2661; x_wconf 85' lang='lat' dir='ltr'>sunt,</span> <span class='ocrx_word' id='word_1_298' title='bbox 884 2593 1083 2665; x_wconf 86' lang='lat' dir='ltr'>posteri</span> <span class='ocrx_word' id='word_1_299' title='bbox 1116 2597 1380 2667; x_wconf 88' lang='lat' dir='ltr'>temporis</span> <span class='ocrx_word' id='word_1_300' title='bbox 1415 2594 1655 2650; x_wconf 88' lang='lat' dir='ltr'>studium</span> <span class='ocrx_word' id='word_1_301' title='bbox 1678 2592 1804 2646; x_wconf 87' lang='lat' dir='ltr'>erit:</span> <span class='ocrx_word' id='word_1_302' title='bbox 1863 2608 2017 2646; x_wconf 90' lang='lat' dir='ltr'>nunc</span> <span class='ocrx_word' id='word_1_303' title='bbox 2049 2602 2110 2643; x_wconf 86' lang='lat' dir='ltr'>vt</span> 
     </span>
     <span class='ocr_line' id='line_1_35' title="bbox 165 2661 2108 2744; baseline 0.001 -27"><span class='ocrx_word' id='word_1_304' title='bbox 165 2662 349 2717; x_wconf 82' lang='lat' dir='ltr'>breuis</span> <span class='ocrx_word' id='word_1_305' title='bbox 374 2661 692 2736; x_wconf 67' lang='lat' dir='ltr'>conspefflms</span> <span class='ocrx_word' id='word_1_306' title='bbox 717 2667 878 2721; x_wconf 88' lang='lat' dir='ltr'>totius</span> <span class='ocrx_word' id='word_1_307' title='bbox 893 2666 1206 2724; x_wconf 82' lang='lat' dir='ltr'>Voluminis</span> <span class='ocrx_word' id='word_1_308' title='bbox 1230 2669 1400 2724; x_wconf 85' lang='lat' dir='ltr'>oculis</span> <span class='ocrx_word' id='word_1_309' title='bbox 1425 2682 1604 2744; x_wconf 87' lang='lat' dir='ltr'>pateat</span> <span class='ocrx_word' id='word_1_310' title='bbox 1626 2669 1749 2735; x_wconf 68' lang='grc' dir='ltr'><em>παῖε,</em></span> <span class='ocrx_word' id='word_1_311' title='bbox 1788 2684 1859 2723; x_wconf 91' lang='lat' dir='ltr'>en</span> <span class='ocrx_word' id='word_1_312' title='bbox 1871 2665 1931 2720; x_wconf 89' lang='lat' dir='ltr'>T</span> <span class='ocrx_word' id='word_1_313' title='bbox 1934 2664 2008 2720; x_wconf 90' lang='lat' dir='ltr'>ibi</span> <span class='ocrx_word' id='word_1_314' title='bbox 2033 2681 2108 2719; x_wconf 86' lang='lat' dir='ltr'>ar·</span> 
     </span>
     <span class='ocr_line' id='line_1_36' title="bbox 168 2739 2131 2870; baseline 0.005 -78"><span class='ocrx_word' id='word_1_315' title='bbox 168 2753 436 2811; x_wconf 78' lang='lat' dir='ltr'>gumenta</span> <span class='ocrx_word' id='word_1_316' title='bbox 469 2739 712 2812; x_wconf 85' lang='lat' dir='ltr'>capitum</span> <span class='ocrx_word' id='word_1_317' title='bbox 747 2740 951 2813; x_wconf 82' lang='lat' dir='ltr'>quibus</span> <span class='ocrx_word' id='word_1_318' title='bbox 980 2743 1113 2800; x_wconf 83' lang='lat' dir='ltr'>illud</span> <span class='ocrx_word' id='word_1_319' title='bbox 1136 2742 1436 2820; x_wconf 82' lang='lat' dir='ltr'>dispertiui:</span> <span class='ocrx_word' id='word_1_320' title='bbox 1858 2813 1948 2870; x_wconf 57' lang='lat' dir='ltr'>EI</span> <span class='ocrx_word' id='word_1_321' title='bbox 1970 2811 2019 2868; x_wconf 75' lang='lat' dir='ltr'><em>E</em></span> <span class='ocrx_word' id='word_1_322' title='bbox 2040 2811 2101 2859; x_wconf 58' lang='lat' dir='ltr'>V</span> <span class='ocrx_word' id='word_1_323' title='bbox 2128 2818 2131 2822; x_wconf 23' lang='lat'><strong>⁴</strong></span> 
     </span>
    </p>
   </div>
  </div>
 </body>
</html>
