2263 3027
203 110 307 178 qia
340 106 492 163 CAP.
523 104 663 159 XIV.
730 100 1146 166 DECEMVIRI,
1188 100 1548 163 PRAESIDES
1584 99 1913 161 PROVINC.
1950 120 2042 162 etc.

206 236 326 291 tibus
348 232 630 289 cessantibuS,
666 230 747 282 nisi
769 231 897 299 quod
925 229 1217 291 tribunorum
1247 243 1396 278 tamen
1433 229 1626 297 potestas
1655 228 1741 280 ‘sub
1770 248 1825 280 eo
1854 232 2152 286 etiamsaero«

205 304 363 359 seuffut,
396 319 446 351 vt
475 306 562 351 iam
591 320 646 352 ex
674 302 913 351 Plutarcho
937 300 1118 356 «notaui,
1142 315 1198 347 et
1217 300 1475 348 Sacerdotes
1495 296 1815 348 sacrificiorum
1844 299 1984 350 caussa
2005 301 2148 368 ipsum

204 373 239 422 fi
268 377 413 425 Roma
441 369 601 420 abess‘et
635 374 683 418 in
718 371 879 419 vrbem
911 384 1124 417 reuocare
1149 384 1381 434 poterant,
1421 383 1472 415 vt
1499 370 1623 416 idem
1653 370 1916 418 Plutarchus
1945 370 2074 419 docet
2107 375 2153 420 in

204 440 346 492 Fabio
376 458 420 506 p.
450 443 553 503 176.
624 443 693 487 De
711 443 865 505 primo
894 436 1111 494 distatore
1139 439 1292 484 omnia
1321 439 1515 493 incerta,
1550 453 1601 484 vt
1629 435 1794 486 fatetur
1813 440 1970 486 Liuius
1992 442 2046 487 11.
2078 448 2150 496 18.

204 509 266 558 ad·
295 509 462 562 annum
494 509 626 555 vrbis>
650 522 766 570 253.
839 504 1075 573 Inscriptio
1107 522 1237 554 vetus
1278 521 1456 571 reperta
1486 507 1651 554 Aretii:
1688 508 1759 556 M.
1785 509 1986 556 ,Valerius
2020 509 2158 571 Volusi

205 580 250 627 F.
272 612 283 625 .
304 617 312 626 .
350 580 572 626 Maximus
592 576 797 624 Dic'i‘ator
807 579 958 642 Augur
971 578 1142 644 pr'imus
1164 575 1246 622 ὅτε.
1315 575 1431 625 Vide
1443 577 1690 622 Memorias
1701 576 1992 623 Treuultinas
2011 589 2151 636 1721.
2174 628 2176 631 ,

203 662 252 712 p.
279 661 373 708 540
396 642 491 709 sqq.
562 645 778 693 Camillus
799 647 1036 710 quinquies
1061 641 1273 696 dist-ator,
1308 657 1351 691 et
1381 646 1460 707 qui
1491 659 1681 707 quatuor
1711 642 1886 691 vicibus
1906 643 2155 708 triumpha-

206 714 293 768 uit,
332 711 498 760 Consul
524 729 674 763 tamen
697 730 928 778 nunquam
947 709 1046 760 fuit.
1116 712 1338 761 Plutarch.
1371 713 1415 758 in
1448 713 1541 759 eius
1570 713 1663 758 vita
1695 709 1729 760 f.
1762 725 1868 773 129.
1903 729 2051 776 neque
2070 708 2155 758 fnit

206 796 308 830 ante
330 782 574 829 Camillum
595 780 802 830 DiEl-ator
829 783 946 830 vllus
977 781 1091 828 vltra
1115 778 1187 827 sex
1218 776 1389 826 menses
1422 781 1480 828 id.
1511 777 1542 828 f.
1573 796 1676 838 ¹44·
1698 783 1745 827 F.
1814 783 1916 827 Nec
1936 778 2157 826 DiC’catori

206 848 369 897 licebat
404 867 521 914 equo
555 852 666 898 vehi
695 850 858 915 populi
892 847 1066 901 iniussu.
1106 851 1204 901 Liv.
1246 849 1405 896 XXIII.
1433 864 1505 908 14.
1545 864 1589 895 et
1617 849 1837 896 Plutarch.
1870 847 2010 896 Fabio
2046 861 2153 910 175.

208 915 456 966 Consulem
483 917 563 983 ipsi
595 916 687 965 fine
719 917 956 965 listoribus
983 914 1261 980 fascibusque
1290 916 1526 982 oportebat
1557 933 1816 970 occurrere,
1856 912 2015 981 etipse
2050 931 2157 980 pro.

209 985 395 1036 cedebat
418 1003 518 1033 cum
545 989 705 1032 XXIV.
728 984 929 1034 fascibus
952 987 1010 1032 id.
1035 1003 1133 1049 pag.
1162 992 1266 1045 176.
1335 983 1603 1047 Magistrum
1633 982 1950 1050 equitum-ipse
1971 982 2157 1040 dicebat,

211 1070 353 1118 quem
373 1065 551 1118 poterat
571 1051 738 1101 indista
769 1052 907 1100 cauffa
931 1056 980 1099 in
1011 1069 1232 1100 carcerem
1256 1055 1432 1099 mittere
1465 1069 1508 1099 et
1529 1050 1750 1118 supplicio
1774 1051 1948 1100 afficere
1979 1069 2024 1118 p.
2051 1051 2157 1113 1'79.

188 1116 282 1171 ‘'Bis
315 1136 467 1168 tamen
510 1118 680 1168 fastum
712 1136 762 1168 vt
792 1120 1114 1171 Diffiatoristet
1150 1121 1352 1181 Magistri
1384 1123 1586 1183 equiturn
1617 1120 1852 1168 auctoritas
1882 1134 2159 1185 aequaretur.

207 1189 275 1238 Id.
299 1191 503 1238 Antonio
536 1206 579 1254 p.
601 1203 715 1245 919.
793 1191 908 1234 Non
942 1205 964 1235 a
987 1188 1161 1253 populo
1197 1204 1344 1234 autem
1379 1205 1460 1234 nec
1490 1191 1672 1242 Senatu,
1708 1185 1783 1235 sed
1815 1206 1839 1235 a
1859 1186 2053 1236 Consule
2083 1187 2158 1234 vel

208 1260 418 1308 Praetore'
445 1255 535 1304 siue
563 1259 766 1318 Stratego
793 1255 1000 1303 Difficator
1029 1255 1258 1304 dicebatur
1281 1255 1370 1303 fine
1409 1256 1668 1318 eligebatur.
1760 1257 1898 1320 Qod
1925 1254 1956 1302 fi
1986 1251 2154 1302 Consu-

207 1326 273 1372 les
304 1327 360 1373 de
395 1323 614 1373 diE’tatore
647 1326 841 1373 creando
874 1323 1151 1379 diffiderent,
1195 1322 1430 1390 plebiscito
1462 1342 1532 1371 res
1565 1321 1875 1374 definiebatur.
1895 1323 2156 1371 Plutarchus
2236 1341 2246 1348 ’

207 1392 563 1459 Marcello.pag.
589 1407 702 1454 312.
773 1391 1057 1440 Prodistator
1091 1409 1260 1441 creatus
1287 1393 1410 1440 bello
1441 1394 1613 1441 Punico
1640 1390 1860 1449 secundo,
1904 1389 2159 1439 absentibus

212 1458 505 1515 Consulibus,
542 1460 782 1527 QFabius
803 1464 1046 1510 Maximus.
1082 1463 1240 1510 Liuius
1270 1465 1407 1509 XXII.
1433 1469 1477 1517 8.
1547 1465 1618 1509 De
1636 1459 1868 1508 DiElfiatore
1897 1458 2161 1523 municipali

212 1526 578 1578 obseruationem
614 1525 739 1596 Casp.
768 1532 940 1579 Barthii
970 1547 994 1579 e
1013 1533 1173 1578 MScto
1198 1530 1340 1577 edidit
1363 1527 1550 1591 Christi.
1573 1530 1930 1592 Schoettgenius.
1962 1526 2160 1576 Dresdae

215 1605 358 1660 1738.
415 1634 425 1645 .
722 1637 728 1641 .

291 1691 294 1694 ·
347 1614 422 1713 D4e-
440 1667 708 1713 Decemuiris
726 1669 904 1728 Legum
928 1662 1242 1722 ferendarum,
1278 1667 1358 1731 qui
1378 1665 1537 1714 itidem
1559 1663 1649 1715 fine
1665 1665 2158 1733 ‚prouocationeerann

209 1729 285 1779 sed
319 1733 419 1797 post
449 1733 686 1781 biennium
719 1733 920 1796 abrogati
943 1732 1070 1792 sunt,
1106 1734 1212 1783 vide
1243 1737 1426 1782 Liuium
1458 1738 1538 1781 III.
1569 1749 1646 1791 32.
1712 1729 1983 1794 Dionysium
2012 1728 2156 1774 Halic.

212 1800 289 1849 lib.
309 1804 361 1849 X.
381 1798 445 1864 sq.
515 1800 765 1849 Onufrium
787 1804 841 1850 ad
860 1800 993 1849 fastos
1016 1805 1122 1850 anni
1156 1802 1280 1855 yrbis
1305 1816 1411 1861 303.
1482 1803 1651 1861 Georg.
1671 1798 1835 1847 Goezii
1862 1793 2066 1844 dissertat.
2102 1794 2157 1840 de

211 1871 531 1917 Decemuiratu
551 1869 816 1934 legibusque
850 1869 1224 1918 decemuiralibus
1245 1872 1571 1915 Romanorum.
1596 1869 1727 1914 lenae
1756 1872 1892 1926 1670.
1959 1867 2026 1912 10.
2051 1863 2157 1908 Nic.

212 1937 401 1984 Funccii
421 1936 474 1983 de
495 1939 820 1984 Decemuirum
844 1955 866 1984 a
896 1939 1109 1984 Romanis
1138 1937 1436 1984 creandorum
1473 1930 1644 1981 diuersa
1673 1935 1870 1991 ratione,
1909 1946 2021 1995 quae
2051 1930 2158 1991 legi·

212 2018 287 2050 tur
308 2020 411 2069 pag.
437 2016 543 2063 309.
577 2006 683 2050 Eius
711 2002 918 2051 dissertat.
941 2005 1175 2052 academie.
1197 2004 1473 2064 Lemgouiae
1505 2009 1643 2063 1746.
1667 2009 1706 2058 8.-
1730 2001 1978 2053 editarum,
2017 2013 2060 2045 et
2080 2000 2158 2044 Ca-

211 2071 305 2123 roli
339 2072 518 2123 Ludov.
552 2072 779 2123 Vollharti
819 2071 1028 2118 historiae
1057 2072 1384 2119 decemuiratus
1420 2067 1808 2135 οἰποσποισμοὶτιοι
1850 2067 2066 2131 quaedam
2101 2082 2156 2112 ex

214 2141 351 2189 Liuio
375 2153 416 2186 et
438 2137 672 2202 Dionysio.
697 2135 985 2203 Lips11736.
1611 2181 1614 2184 ,
1933 2159 1936 2162 <
2084 2158 2088 2159 ’

356 2208 624 2255 Omittimus
642 2206 752 2253 alios
773 2205 1055 2268 Magistratus
1085 2202 1308 2267 sigillatim
1328 2221 1701 2257 commemorare,
1733 2203 1788 2251 de
1809 2200 1969 2268 quibus
1994 2200 2158 2247 laudati

214 2280 255 2335 ᾗ.
278 2277 352 2323 ῘΧ.
376 2272 614 2339 scriptores
638 2270 810 2321 consuli
828 2272 1022 2338 poffunt.
1094 2277 1164 2321 De
1181 2274 1441 2338 Praestdibus
1458 2277 1857 2322 Prouinciarum'et
1877 2270 1954 2334 qui
1975 2268 2063 2314 illis
2086 2268 2156 2315 ad-

214 2341 357 2391 iuncti
377 2358 528 2396 erant,
564 2342 788 2390 videndus
811 2338 1035 2390 Onufrius
1058 2343 1106 2389 in
1137 2346 1337 2407 Imperio
1361 2347 1565 2390 Romano
1596 2357 1639 2390 et
1670 2340 1857 2388 Carolus
1875 2338 2082 2399 Sigonius
2106 2337 2154 2382 li-

216 2410 302 2459 bro
334 2409 528 2458 secundo
552 2410 606 2458 de
638 2412 734 2469 iure
764 2412 1137 2476 prouinciarum,
1174 2412 1251 2458 ille
1276 2411 1561 2477 p:imo‚.hic
1592 2407 1786 2457 secundo
1809 2421 1936 2455 tomo
1960 2402 2155 2451 thesauri

216 2481 484 2530 Graeuiani:
522 2478 874 2541 Bergieriuslib.
897 2482 975 2526 IV.
999 2480 1053 2528 de
1075 2482 1161 2526 viis
1189 2482 1377 2546 Imperii
1403 2479 1600 2525 Romani
1628 2494 1721 2543 cap.
1752 2491 1823 2536 ¹7.
1852 2487 1900 2520 et·
1920 2480 1994 2529 28·
2020 2477 2080 2521 T·
2102 2474 2156 2519 X·

217 2548 380 2595 Graev.
450 2550 517 2594 M.
547 2548 774 2596 Antonius
813 2549 1039 2596 Ferrarius
1075 2545 1258 2613 Epistol.
1294 2565 1393 2613 pag.
1431 2556 1524 2597 126
1544 2543 1606 2610 sq.
1676 2542 1816 2594 wilh.
1841 2545 1988 2591 Henr.
2015 2539 2156 2588 Bruk·

218 2615 317 2660 neri
339 2613 499 2663 differt.
525 2615 581 2662 de
607 2615 880 2665 Praefidibus
903 2618 1242 2683 prouinciarum
1267 2617 1384 2682 apud
1406 2617 1647 2662 Romanos.
1671 2617 1798 2660 Ienae
1825 2613 1966 2667 1698.
1990 2608 2155 2656 etGui-

216 2679 361 2729 lielmi
377 2696 421 2729 te
444 2687 595 2730 Water
622 2682 782 2733 differt.
805 2686 860 2733 de
881 2685 1067 2735 consilio
1087 2684 1340 2733 Praefidum
1365 2686 1413 2731 in
1435 2683 1707 2736 Prouinciis,
1742 2675 1903 2726 inserta
1926 2680 1981 2723 T.
2004 2691 2045 2725 2.
2064 2675 2155 2723 Mi.

216 2744 333 2797 scell.
352 2746 758 2811 Duisburgenfium
789 2770 833 2819 p.
858 2769 922 2814 51,
940 2752 1037 2821 sqq.
1106 2757 1176 2804 De
1197 2750 1525 2804 Proconsulum
1556 2765 1599 2799 et
1615 2745 1870 2805 *Braefidum
1900 2741 2154 2797 differentia

2087 2810 2156 2858 vi·
2249 2841 2251 2866 ρ
