2263 3027
181 109 282 172 ⁷9⁸
852 92 1004 148 CAP.
1026 90 1172 145 xvr.
1254 90 1445 144 NVMI

186 243 260 278 cae
287 241 387 292 pag.
412 230 516 283 376.
549 218 760 285 aliudque
790 216 926 267 exstat
947 214 1163 265 fasciculo
1187 213 1382 266 secundo
1406 213 1660 283 opusculor.
1683 213 2133 285 historicophilolog.

185 291 558 344 Henrici'Noriti
580 288 695 336 liber
717 287 774 334 de
804 283 888 333 asse
908 300 951 333 et
971 284 1172 351 partibus
1192 288 1301 334 eius,
1331 284 1449 333 Basil.
1484 303 1499 331 1
1514 301 1622 347 550.
1646 282 1727 332 fol.
1775 289 1970 348 VGeorg.
1995 291 2147 340 Heni÷

187 360 334 411 sebius
358 360 413 407 de
432 355 514 405 asse
538 372 581 404 et
601 355 804 422 partibus
822 356 932 405 eius,
961 360 1076 417 Aug.
1102 353 1283 403 Vindel.
1312 371 1326 400 1
1342 361 1450 404 606.
1477 362 1518 410 8.
1590 357 1709 401 loan.
1735 355 1928 402 Wardus
1949 356 1997 400 in
2021 371 2141 403 com-

187 430 413 479 mentario
440 428 497 474 de
515 422 597 472 asse
625 421 807 488 eiusque
830 420 1055 488 partibus,
1093 422 1172 486 qui
1190 419 1450 487 praemissus
1473 420 1533 469 est
1556 425 1673 487 parti
1693 419 1910 470 secundae
1930 436 2138 470 monum.

188 495 346 546 vetust.
367 496 598 559 Kempian.
632 491 834 540 Londini
862 505 1002 551 17¹9.
1026 498 1068 548 8.
1097 506 1143 555 p.
1174 506 1188 538 1
1216 487 1310 554 sqq.
1345 505 1388 538 et
1420 491 1665 537 Moulineti
1704 486 1947 541 dissertatio
1977 489 2033 536 de
2059 487 2144 539 asse

189 567 400 614 Romano
423 575 614 628 pag.43.
639 556 785 607 Musei
808 558 1019 606 coenobii
1066 555 1393 607 S.Genouefae.
1432 557 1553 605 Affes
1575 574 1618 605 et
1637 574 1785 623 partes
1809 554 1903 605 asiis
1925 558 1972 604 in
1993 558 2146 606 numia

189 632 381 694 singulas
405 629 588 678 exhibet
608 632 653 677 P.
678 627 734 675 de
753 629 905 691 Vitry,
933 628 974 674 S.
995 627 1028 672 Ι.
1047 627 1095 675 in
1116 628 1348 674 memoriis
1359 626 1644 674 Treuoltinis
1675 640 1814 686 1729.
1838 641 1882 690 p.
1909 632 2033 674 1266
2049 623 2147 690 sqq.

190 703 263 749 De
283 697 437 747 affibus
450 693 643 745 Etruscis
663 696 851 760 exponit
866 695 1162 742 Bet-nardinus
1174 696 1331 740 Baldus
1349 694 1468 758 apud
1491 691 1655 740 lustum
1677 693 1986 741 Fontaninum
2009 692 2085 740 lib.
2105 699 2143 741 1.

193 769 250 817 de
270 765 607 831 antiquitatibus
631 767 808 811 Hortae
841 778 934 827 cap.
955 777 1002 823 7.
1071 767 1146 805 De·
1161 761 1369 820 Sestertiis
1401 757 1660 808 conferatur
1679 761 1820 808 Paulli
1842 761 2038 807 Manutii
2063 755 2151 807 dis·

191 833 529 890 sertatiuncula‚
565 847 679 897 quae
700 831 868 894 legitur
888 832 934 876 in
956 831 1053 876 eius·
1071 825 1270 889 quaesitis
1290 844 1373 891 per
1391 827 1621 893 epistolas,
1657 844 1700 876 et
1719 825 1868 876 recusa
1889 827 1951 875 est
1969 844 2078 876 tom.
2106 841 2149 877 1.

194 901 390 953 thesauri
404 899 711 962 Sallengriani.
782 897 984 961 Philippi
1010 891 1249 955 Pigafettae
1274 892 1436 943 dissert.
1470 892 1630 943 inserta
1661 898 1755 944 eius
1785 895 2149 962 interpretationi

194 972 366 1020 italicae
386 971 612 1017 librorum
626 962 766 1030 Lipfii
795 964 853 1012 de
874 961 1181 1024 magnitudine
1193 964 1325 1008 Rom.
1347 963 1577 1022 euulgatae
1589 968 1763 1011 Romae
1790 974 1932 1014 1600.
1955 972 1998 1021 8.
2070 968 2148 1010 Be-

195 1037 367 1088 nedifiizi
388 1038 550 1100 Poggii
572 1032 837 1085 dissertatio,
874 1046 985 1094 quae
1007 1027 1196 1074 habetur
1215 1042 1325 1074 tom.
1353 1043 1426 1088 19.
1448 1027 1703 1094 opusculor.
1726 1028 1955 1083 scientific.
1983 1046 2026 1079 et
2048 1031 2149 1095 phi-

196 1108 379 1169 lologic.
411 1123 508 1171 pag.
534 1115 559 1168 3
567 1118 632 1162 99
654 1098 748 1164 sqq.
773 1113 816 1146 et
843 1099 889 1143 in
916 1096 1077 1160 primis
1103 1097 1222 1141 Ioan.
1245 1095 1368 1143 Frid.
1394 1099 1624 1144 Gronouii
1655 1097 1760 1145 libri
1779 1115 1825 1157 4.
1849 1100 1904 1147 de
1929 1096 2150 1148 sestertiis,

197 1176 347 1238 Lugd.
377 1177 464 1221 Bat.
495 1179 634 1226 1691.
657 1183 704 1228 4.
776 1166 896 1213 Petri
927 1159 1139 1212 Gaffendi
1168 1161 1326 1210 abacus
1352 1159 1654 1213 sestertiorum
1678 1165 1813 1214 exstat
1845 1182 1958 1214 tom.
1982 1181 2023 1223 ς.
2052 1167 2148 1213 eius

199 1259 411 1309 operum.
476 1235 661 1303 Iosephi
682 1233 885 1281 queneii
914 1231 1178 1290 laterculum
1199 1228 1500 1279 sestertiorum
1532 1232 1667 1280 habes
1693 1233 1748 1280 ad
1778 1235 1940 1282 calcem
1968 1248 2078 1283 tom.
2104 1250 2150 1282 2.

197 1312 387 1361 Horatii
412 1307 464 1356 ab
495 1323 552 1354 eo
592 1301 806 1350 illustrati.
879 1303 949 1346 De
973 1303 1160 1346 Denario
1190 1297 1371 1346 consule
1406 1302 1586 1347 Ioannis
1617 1303 1775 1348 Grauii
1806 1305 2068 1363 (Greaves)
2097 1301 2149 1348 li-

200 1380 336 1428 brum
359 1377 532 1440 anglice
561 1374 756 1422 editum:
796 1373 836 1417 A
856 1365 1092 1415 Discourse
1117 1363 1176 1414 of
1195 1369 1273 1416 the
1292 1371 1494 1416 Romane
1516 1372 1634 1415 Foot
1664 1370 1752 1416 and
1775 1371 2002 1416 Denarius.
2028 1374 2150 1417 Lon-

202 1448 297 1496 dini
327 1454 381 1497 16
390 1462 467 1508 47,
492 1452 536 1499 8,
602 1443 672 1492 De
691 1441 921 1503 Qinariis
945 1436 1052 1483 vide
1078 1438 1319 1484 memorias
1336 1436 1627 1483 Treuoltinas
1658 1452 1795 1499 ¹7¹0·
1814 1454 1913 1502 pag.
1937 1444 2028 1496 699
2051 1434 2150 1502 sqq.

201 1531 247 1565 et
273 1516 452 1562 Ioannis
464 1512 672 1560 Swinton
692 1506 914 1555 Metiliam
928 1524 940 1563 ;
974 1503 1062 1552 siue
1083 1502 1433 1552 dissertationem
1456 1505 1512 1552 de
1525 1507 1746 1565 Quinario
1768 1509 1914 1568 gentis
1934 1506 2152 1553 Metiliae.
2236 1513 2249 1524 “

202 1584 380 1632 Oxonii
410 1594 612 1644 1750.·4.
681 1579 752 1624 De
780 1578 1044 1622 Triumuiris
1074 1590 1116 1621 et
1133 1577 1448 1638 Qatuoruiris
1468 1572 1769 1621 monetalibus
1786 1573 1894 1620 vide
1916 1576 1990 1621 Ez.
2013 1576 2151 1637 Span-

202 1654 411 1701 hemium
430 1666 540 1697 tom.
563 1660 606 1698 2.
628 1646 684 1694 de
705 1641 786 1691 vsu
809 1639 1128 1691 numismatum
1154 1659 1196 1707 p.
1228 1650 1315 1701 167
1335 1639 1425 1706 sqq⁴
1451 1643 1519 1689 cui
1542 1642 1654 1688 adde
1677 1645 1844 1690 Sei-tor.
1867 1637 2069 1689 Vrsatum
2093 1641 2151 1687 de

206 1722 328 1769 notis
351 1723 538 1765 Roman.
560 1731 688 1762 tomo
718 1732 734 1760 1
753 1731 788 1760 1.
813 1708 1004 1759 thesauri
1026 1712 1265 1759 Graeuiani
1291 1727 1386 1775 pag.
1411 1717 1523 1770 766.
1549 1727 1590 1757 et
1610 1713 2149 1755 Franc.Hottomannum

209 1789 265 1835 de
286 1786 640 1849 magistr-„Rom
666 1797 774 1829 tom.
807 1796 844 1841 3.
867 1777 999 1826 eiusd
1026 1777 1215 1826 thesauri
1240 1795 1337 1842 pagi,
1367 1787 1507 1832 1890.
1577 1774 1823 1822 Historiam
1860 1777 1925 1819 rei
1954 1790 2152 1820 moneta-

206 1858 299 1905 riae
328 1858 573 1900 Romanor.
603 1850 710 1897 vide
738 1851 785 1896 in
817 1850 973 1894 Diario
1004 1848 1202 1910 anglico,
1242 1844 1412 1907 History
1443 1844 1491 1905 of
1520 1843 1589 1890 thr
1617 1846 1759 1888 Worlzs
1789 1844 1837 1906 of
1860 1842 1929 1887 the
1958 1843 2154 1897 Learned

209 1930 349 1982 1708.
389 1937 489 1985 pag.
520 1927 619 1983 438
653 1915 743 1979 sqq.
778 1932 820 1962 et
855 1919 901 1962 in
925 1917 1080 1961 Diario
1106 1914 1290 1976 gallico,
1332 1910 1644 1974 Bibliotheque
1666 1907 1909 1956 Raisonnee
1931 1925 2042 1955 tom.
2073 1925 2148 1960 12.

207 2007 309 2058 pag.
334 2005 426 2037 122
446 1985 539 2050 sqq.
617 1984 744 2031 Adde
777 1982 1100 2046 compendium
1134 1983 1199 2028 rei
1222 1980 1448 2026 numariae
1470 1980 1808 2031 Romanorum,
1844 1977 1968 2040 quod
1990 1977 2151 2025 Dresd.

212 2073 355 2119 1753.
391 2065 432 2112 8.
467 2056 513 2101 in
549 2052 695 2099 lucem
735 2048 940 2097 emissum
976 2048 1050 2097 est.
1152 2048 1482 2111 Sciagraphiam
1542 2047 1607 2092 rei
1660 2046 1889 2092 num-ariae
1943 2047 2152 2108 antiquae
2218 2070 2223 2078 ³

209 2123 448 2176 nouiffime
495 2118 594 2186 post
621 2119 749 2166 ‘alios
798 2118 921 2165 dedit
966 2116 1282 2163 celeberrimus
1332 2113 1560 2179 chelius
1602 2115 1800 2161 centuria
1835 2113 1983 2178 prima
2022 2130 2152 2160 exer-

208 2197 473 2243 citationum
505 2187 717 2235 medico-
746 2185 1126 2251 philologicarum
1166 2184 1329 2232 decade
1374 2185 1446 2229 IX.
1486 2199 1627 2230 exerc.
1668 2185 1742 2230 1⁷0.
1794 2180 1874 2228 vbi
1909 2182 2026 2227 inter
2067 2181 2151 2229 alia

209 2264 268 2311 de
307 2263 457 2309 numia
479 2256 681 2324 'gothicis
728 2256 818 2317 agit
838 2287 849 2309 ,
905 2253 1029 2318 quod
1080 2267 1396 2315 argumentum
1451 2251 1676 2316 praeclare
1735 2251 1868 2296 etiam
1917 2247 2154 2298 illustrauit
2228 2240 2232 2242 i

207 2332 328 2380 Elias
361 2334 611 2378 Brennerus
638 2325 686 2372 in
711 2319 919 2374 thesauro
951 2338 1198 2369 numorum
1228 2323 1355 2367 Suco·
1380 2320 1683 2373 Gothicorum,
1726 2313 1894 2365 suecice
1936 2331 1980 2363 et
2016 2316 2152 2365 latine

208 2399 333 2448 edito
374 2407 510 2453 1691.
538 2410 584 2457 4.
617 2408 659 2442 et
690 2394 825 2454 longe
857 2388 1024 2438 auRius
1056 2387 1240 2451 recusuo
1283 2393 1329 2430 30
1366 2388 1581 2436 Holmiae
1616 2400 1755 2447 1731.
1778 2400 1824 2447 4.
1861 2386 1932 2430 cui
1964 2385 2153 2445 iungen-

212 2468 267 2514 da
313 2466 474 2528 Magni
520 2479 616 2511 von
671 2459 852 2510 Bromel
907 2457 1090 2505 historia
1135 2455 1440 2506 numismatica
1494 2459 1760 2503 Senatorum
1805 2466 1848 2500 et
1885 2454 2150 2512 Magnatum

211 2536 418 2586 Sueciae‚
465 2535 514 2580 in
541 2529 647 2579 asiis
678 2530 902 2577 litterariis
926 2528 1104 2574 Sueciae
1125 2523 1273 2590 foal.
1305 2541 1441 2585 ¹730·
1516 2524 1680 2571 Kiliani
1703 2520 1879 2569 Stobaei
1909 2517 2150 2570 dissertatio

214 2602 269 2649 de
291 2603 438 2648 numis
458 2616 501 2648 et
524 2599 673 2662 sigillis
695 2593 1068 2655 L'undinensibus.
1093 2594 1292 2641 Lundini
1315 2595 1456 2641 Goth.
1485 2609 1621 2652 174¹·
1649 2608 1692 2650 4.
1720 2604 1765 2636 et
1787 2589 1976 2649 Georgii
2001 2587 2151 2634 Walli·

213 2670 265 2721 ni
286 2669 420 2717 clauis
441 2667 786 2734 numophylacii
813 2665 998 2719 Runici,
1035 2660 1124 2712 fiue
1143 2665 1278 2716 ratio,
1315 2670 1402 2728 qu'a
1419 2661 1613 2727 intelligi
1639 2653 1772 2726 poffit
1793 2671 2041 2706 numerum
2063 2651 2150 2701 Ra-

2025 2736 2149 2784 mco·¹

271 2816 312 2850 ²⁰
338 2811 650 2870 hamburgum
667 2811 934 2868 mamuchan
960 2820 1083 2868 1732.
1107 2823 1193 2868 pag.
1214 2819 1312 2866 219.
