2263 3027
183 98 284 147 794
657 33 659 36 ’
860 73 1010 127 cAP.
1046 73 1182 126 xvi
1250 71 1440 125 NVMI

181 207 354 255 Goltzii
375 203 634 255 Graeciam,
672 195 832 246 insulas
851 214 894 246 et
921 196 1065 265 Aliam
1091 202 1318 246 minorem
1345 204 1492 247 Antw.
1526 204 1663 262 1644.
1685 197 1766 246 fol.
1845 201 1911 250 10.
1931 204 2120 264 Georgii

180 274 473 331 Volckameri
499 287 594 316 rara
616 286 798 330 magnae
815 270 1027 315 Graeciae
1050 263 1336 323 numismata,
1376 267 1624 329 Noriberg.
1649 265 1880 327 1683.fol.
1953 269 2120 319 Clariff.

181 341 459 390 Turnemini
481 336 720 385 dissertatio
743 336 798 383 de
821 337 971 382 numis
995 333 1254 382 insularium
1278 337 1325 382 in
1339 335 1640 399 Archipelago
1654 369 1670 390 ,
1708 333 1870 383 inserta
1891 339 2123 383 memoriis

180 410 467 458 Treuoltinis
487 412 539 454 A.
571 407 707 466 1706.
730 421 774 468 p.
806 419 935 466 1344
954 400 1016 467 sq.
1086 405 1240 451 Nicol.
1263 401 1518 451 Franciscus
1542 405 1768 466 Haymius
1789 408 1834 451 Ρ.
1863 421 1898 454 1.
1930 402 2130 451 thesauri

181 478 427 526 Britannici
467 475 611 521 italice
652 472 758 519 editi
803 472 1006 518 Londini
1053 486 1194 531 1719.
1223 486 1269 533 4.
1339 468 1686 535 Chrysostomus
1730 473 2035 519 Hanthalerus
2078 474 2126 518 in

182 542 577 594 exercitationibus
598 538 954 606 prooemialibus
976 538 1031 586 de
1059 540 1210 585 numis
1240 543 1532 586 Graecorum.
1552 539 1892 602 Norimbergae
1917 555 2058 601 ¹735.
2080 555 2127 596 4.

183 630 228 662 et
258 618 378 661 Ioan.
401 612 482 659 Sal.
505 610 676 657 Semler
706 610 751 653 in
774 605 1001 673 veteribus
1024 604 1367 653 numismatibus
1389 605 1632 660 illustratis,
1670 625 1783 670 quae
1804 608 2127 670 legunturP.4.

125 724 127 726 ,
180 680 536 747 supplementor.
566 677 622 724 ad
653 674 886 723 historiam
907 672 1202 722 vniuersalem
1226 692 1325 739 pag.
1358 691 1370 722 ι
1401 673 1497 739 sqq.
1568 679 1791 737 Magnam·
1819 678 1949 722 etiam
1980 676 2128 722 lucem

181 767 333 798 numis
353 745 699 814 quamplurimis
718 745 902 791 Graecis
933 739 1126 789 afferunt
1163 745 1325 791 Ezech.
1345 744 1643 807 Spanhemius
1673 745 1719 790 in
1749 741 2128 790 dissertationibus
2200 788 2211 795 ,
2250 770 2256 779 ·

182 820 239 866 de
260 817 341 865 vsu
363 833 407 864 et
425 813 688 882 praestantia
713 808 1057 866 numismatum,
1094 814 1215 857 Ioan.
1241 812 1507 859 Harduinus
1536 813 1584 858 in
1616 813 1765 858 numis
1785 812 2065 876 populorum
2087 824 2130 857 et

181 885 369 934 vrbium
387 885 585 946 antiquis
616 886 662 920 27
690 878 915 926 illustratis
936 880 1055 924 Paris
1083 887 1222 941 1684.
1245 895 1291 936 4.
1322 895 1365 925 et
1392 881 1511 926 inter
1538 896 1676 945 opera
1704 877 1859 926 seleg’ca
1883 877 2130 940 Amstelod.

185 970 330 1013 1709.
351 950 432 999 fol.
453 953 499 997 in
517 948 691 1013 'quibus
712 961 755 993 et
775 946 1075 1011 chronologia
1098 947 1274 995 Veteris
1294 945 1487 993 Testam.
1509 964 1563 993 ex
1595 947 1748 994 multis
1780 949 1946 1009 graecis
1980 946 2132 993 numis

182 1023 331 1069 lucem
354 1020 514 1083 accipit
537 1032 580 1064 et
604 1018 645 1063 ei
674 1012 862 1061 viciffim
886 1028 1128 1059 mutuatur.
1200 1015 1469 1060 Laurentius
1497 1019 1692 1077 Begerus
1716 1017 1763 1062 in
1788 1013 1994 1062 thesauro
2018 1014 2133 1060 Pala·

182 1091 281 1137 tino
308 1105 350 1136 et
369 1084 765 1144 Brandenburgico
783 1115 796 1136 ‚
832 1083 956 1127 cuius
979 1079 1241 1144 posterioris
1262 1083 1448 1127 tertium
1469 1083 1699 1129 Volumen
1725 1083 1896 1148 prodiit
1918 1083 2135 1129 Coloniae

183 1158 442 1206 Marchicae
475 1167 612 1210 1701.
636 1148 716 1197 fol.
737 1164 836 1195 tum
856 1150 902 1198 in
928 1145 1159 1211 spicilegio
1180 1150 1451 1212 antiquitatis
1470 1148 1578 1199 ibid.
1606 1157 1747 1206 1692.
1784 1148 1865 1197 fol.
1904 1165 1948 1198 et
1978 1152 2025 1196 in
2057 1148 2136 1195 ob-

185 1222 511 1273 seruationibus
535 1235 665 1282 atque
687 1215 956 1263 conieEiuris
980 1218 1027 1261 in
1048 1214 1311 1263 numismata
1333 1218 1547 1281 quaedam
1579 1220 1759 1282 antiqua
1787 1215 1966 1282 sparfim
1988 1219 2034 1263 in
2055 1214 2136 1264 fol.

185 1309 229 1341 et
251 1310 295 1357 4.
336 1291 479 1339 editis.
556 1291 744 1334 Ioannes
771 1286 899 1332 Siton
933 1284 988 1329 de
1020 1285 1210 1348 antiquis
1239 1300 1283 1331 et
1317 1286 1550 1332 modernis
1580 1287 1627 1332 in
1684 1283 1887 1332 insubria
1941 1285 2138 1331 monetis

186 1359 442 1411 Mediolani
495 1371 639 1416 1713.
686 1350 765 1405 fol.
869 1358 1018 1415 Atque
1051 1348 1110 1398 de'
1136 1355 1286 1399 nurnis
1343 1357 1510 1414 graecis
1569 1355 1614 1386 28
1674 1355 2004 1418 [imperatorum
2049 1356 2138 1398 Ro-

183 1436 426 1479 manorum
448 1424 723 1491 praeclarum
760 1437 875 1485 opus
895 1420 1111 1473 habemus
1132 1425 1187 1467 V.
1215 1425 1262 1467 C.
1287 1424 1467 1468 Ioannis
1499 1422 1694 1468 Vaillant
1725 1420 1862 1469 Amst.
1893 1436 2033 1479 1700.
2056 1417 2138 1466 fol.

184 1498 324 1557 Aliud
343 1492 656 1550 Mediobarbi‚
693 1508 715 1538 a
737 1488 832 1543 filio
863 1493 985 1541 Ioan.
1009 1490 1210 1538 Antonio
1245 1488 1547 1536 Mediobarbo
1577 1491 1736 1551 Birago
1771 1490 1994 1537 edendum
2031 1503 2136 1552 pro-

183 1567 382 1615 mittitur
404 1565 452 1609 in
487 1560 722 1608 memoriis
740 1558 1026 1605 Treuultinis
1051 1553 1102 1605 A.
1133 1571 1273 1617 1701.
1304 1573 1415 1604 tom.
1439 1572 1482 1607 2.
1513 1575 1612 1621 pag.
1638 1565 1748 1620 364.
1771 1559 1863 1605 edit
1891 1555 2137 1604 Amstelod.

188 1638 259 1682 De
282 1629 623 1682 numismatibus
642 1631 820 1688 Regum
843 1625 1136 1672 Macedoniae
1165 1625 1355 1686 dignum
1378 1623 1475 1677 est.
1495 1640 1545 1671 vt
1577 1640 1988 1677 commemoretur,
2023 1639 2139 1687 opus

189 1700 645 1767 quodTiguri1738.
665 1695 745 1742 fol.
766 1692 845 1741 sub
866 1695 952 1740 hoc
973 1693 1102 1739 titulo
1124 1694 1318 1757 prodiit:
1356 1690 1638 1739 Numismata
1652 1697 1827 1754 Regum
1841 1692 2135 1739 Macedoniae

193 1771 475 1830 omnia‚quae
486 1763 715 1812 laboribus
730 1762 1110 1815 celeb.Virorum‚
1121 1762 1330 1825 Crophii,
1343 1763 1478 1823 Lazii,
1491 1761 1677 1811 Goltzii,
1689 1761 1844 1812 Fanni,
1855 1758 2136 1823 Spanhemii,

190 1833 568 1899 Haymii,Liebii‚
581 1847 661 1879 etc.
674 1849 728 1879 ex
742 1832 876 1892 regiis
887 1827 1070 1889 aliisque
1083 1825 1597 1890 Numismatophylaciis
1610 1825 1820 1873 hastenus
1834 1827 1963 1883 edita,
1976 1825 2136 1870 additis

192 1904 374 1951 ineditis
400 1916 444 1948 et
461 1899 666 1948 nondum
689 1897 920 1961 descriptis
939 1895 1098 1943 tabulis
1120 1897 1280 1942 aeneis.
1344 1891 1682 1957 Repraesentata
1706 1892 1887 1955 digeffit,
1911 1889 2136 1956 descripsit

191 1988 236 2020 et
266 1971 385 2018 notis
413 1970 646 2014 variorum
678 1963 1035 2011 doffiffimorum
1067 1964 1277 2007 virorum
1314 1960 1522 2007 illustrata
1545 1962 1685 2007 edidit
1707 1965 1770 2007 Io.
1793 1965 1875 2009 Iac.
1896 1958 2136 2008 Gesnerus.

189 2037 436 2088 Praeclaras
467 2036 600 2082 etiam
635 2034 682 2078 in
711 2029 976 2084 numismata
1007 2030 1157 2079 omnis
1185 2030 1362 2090 generis
1392 2027 1725 2076 obseruationes
1760 2029 1976 2076 debemus
2004 2032 2136 2074 Petro

192 2108 413 2170 Segujno,
450 2101 612 2149 Iacobo
636 2097 829 2153 Oiselio,
870 2097 996 2145 Gisb.
1016 2100 1198 2160 Cupero
1214 2130 1225 2150 ,
1258 2096 1421 2143 Iacobo
1445 2098 1500 2144 de
1525 2097 1696 2151 wilde,
1733 2113 1776 2144 et
1797 2094 2029 2144 Francisco
2045 2102 2137 2142 An-

189 2177 319 2225 tonio
339 2172 512 2220 Comiti
543 2169 598 2217 de
618 2166 980 2220 Kheuenhiiller,
1015 2166 1095 2236 qui
1119 2167 1294 2232 Regum
1318 2181 1523 2212 veterum
1543 2163 1807 2214 numismata
1827 2165 2039 2214 anecdota
2059 2177 2135 2210 aut

2036 2247 2138 2300 per·

248 2393 285 2421 ²⁷
318 2384 519 2438 Anonymi
538 2392 649 2424 notae
668 2379 715 2421 ad
737 2378 899 2433 primam
917 2376 1131 2423 editionem
1159 2390 1368 2423 numm-um
1390 2378 1620 2434 populorum
1638 2376 1786 2427 exstant
1808 2375 1898 2418 Vol.
1916 2377 1957 2421 6.
1987 2374 2135 2419 observ.

192 2445 295 2487 misc.
318 2446 357 2486 in
376 2443 546 2483 auctores
564 2450 660 2480 tom.
684 2449 721 2491 3.
755 2449 839 2492 pag.
860 2446 960 2489 747.
2148 2442 2151 2443 γ

250 2566 287 2594 ²8
323 2566 429 2605 Alios
458 2563 524 2617 qui
555 2560 748 2602 historiam
767 2560 1048 2613 Imperatorum
1067 2570 1091 2599 e
1112 2559 1241 2599 numis
1268 2558 1530 2604 tradiderunt,
1560 2552 1733 2596 recenset
1761 2553 1899 2608 Caspai·
1920 2555 2136 2607 Sagittarius

197 2621 479 2663 introduffione
501 2618 548 2658 ad
567 2618 760 2657 historiam
780 2614 1059 2657 ecclefiasticam
1080 2628 1164 2668 pag.
1187 2625 1262 2667 591
1290 2613 1340 2668 sq.
1397 2616 1457 2654 De
1480 2613 1604 2653 Iacobi
1625 2612 1672 2651 de
1688 2609 1816 2651 strada
1839 2624 1954 2663 opere
1976 2613 2057 2650 MS.
2079 2621 2134 2650 to-

197 2679 268 2718 mis
298 2675 439 2716 XXXI.
467 2674 625 2728 vide-V.
651 2674 696 2714 C.
724 2669 1258 2729 Saloni„Ernesti-Cypriani
1287 2671 1506 2725 catalogum
1532 2669 1651 2721 MSS„
1670 2665 1918 2709 bibliothecae
1937 2666 2136 2725 Gothanae

195 2747 280 2789 pas·
301 2735 366 2786 83·
