2263 3027
279 146 372 199 1⁴98
800 135 1049 192 CARV.
1113 132 1685 194 PAR-ALLELA,

203 305 206 312 .
274 260 497 324 fingulari.
595 264 747 312 Huius
777 266 935 312 notitia
965 263 1089 311 orbis
1117 266 1311 330 antiqui,
1370 265 1460 314 siue
1499 263 1772 330 geographia
1801 262 1984 331 plenior.
2015 265 2071 314 ab
2104 279 2209 318 ortu

274 347 427 377 rerum
454 328 736 395 publicarum
760 333 812 379 ad
835 331 1231 380 Constantinorum
1254 349 1459 400 tempora
1495 335 1617 380 orbis
1638 350 1857 381 terrarum
1881 331 2043 382 faciem
2070 336 2210 383 decla-

276 415 389 450 rans,
427 414 469 443 et
504 401 635 445 nouis
667 399 825 450 tabulis
848 402 1174 465 geographicis,
1219 402 1650 466 accuratioribusque
1675 418 1717 448 et
1737 402 2032 466 plenioribus,
2071 420 2209 467 quam

276 466 497 518 Ortelius,
535 467 770 513 Cluuerius
803 483 846 514 et
868 470 1055 514 Brietius
1085 468 1185 533 post
1207 473 1655 532 Agarliodaemouem
1688 469 2044 516 Alexandrinum
2079 471 2211 518 dede-

276 549 396 584 rant,
443 532 673 592 illustrata,
720 536 865 581 lucem
899 536 1036 589 vidit,
1085 537 1236 600 prim’o
1272 539 1503 583 volumine
1533 538 1732 598 vulgata,
1781 535 1953 601 Lipsiae
1985 553 2126 599 1701.
2165 555 2210 595 4.

276 617 386 646 mox
408 601 711 663 Cantabrigiae
743 600 890 649 recusa
919 602 980 649 est
1001 600 1028 648 s.
1053 605 1204 668 potius
1234 604 1554 652 Amstelodami
1582 610 1635 651 A.
1669 621 1806 668 ¹703·
1844 609 1889 650 in
1915 619 2005 668 quo
2030 608 2211 670 Europa

274 683 405 713 vetus
434 666 708 715 describitur.
815 672 1021 717 Alterum
1052 673 1270 718 volumen
1306 671 1450 720 Afiam
1476 687 1518 718 et
1542 669 1740 719 Africam
1775 671 2080 735 comple&ens
2102 689 2210 738 pro-

275 736 358 781 diit
381 740 430 781 A.
461 746 600 795 1706.
640 753 684 797 4.
720 735 923 784 recusum
950 740 1109 785 eodem
1134 756 1250 786 auno
1273 739 1608 787 Amstelodami.
1712 744 1970 802 Vtrumque
1993 741 2211 787 volumen

274 804 438 852 iterum
472 800 675 849 recusum
707 804 767 852 est
811 804 982 870 Lipliae
1021 821 1160 869 1731.
1183 824 1225 854 et
1252 824 1324 862 32.
1379 825 1481 854 cum
1512 809 1631 853 notis
1661 808 1772 854 Ioan.
1803 811 1926 854 (ἔθην.
1962 807 2210 855 Schwarzii.

275 870 749 919 Animaduerfionibus
780 877 922 938 Caput
956 877 1156 938 primum
1193 876 1298 921 libri
1327 874 1447 923 tertii
1479 873 1711 921 illustrauit
1744 879 1796 921 V.
1827 879 1885 922 C.⁴
1916 878 2026 922 Ioc’m.
2057 880 2210 941 Geor-g.

281 939 515 984 lizzltloerm
548 936 720 985 insertis
751 941 1209 988 animaduersionibus
1243 943 1463 990 historicis
1493 958 1535 989 et
1573 943 1736 989 criticis
1772 959 1818 1006 p.
1858 957 2130 1003 144-212.·
2168 958 2211 989 ct

272 1006 376 1051 Vol.
415 1018 449 1052 1.
496 1007 676 1055 Nouos.
703 1006 938 1055 miscellan.
966 1008 1258 1073 Liplienlium
1281 1029 1323 1075 p.
1353 1020 1602 1067 268-291.
1670 1010 2009 1074 Geographiam
2031 1011 2211 1057 Cellarii

273 1074 500 1135 antiquam
526 1075 731 1137 excipere
755 1075 1241 1140 debebatGeographia
1260 1081 1439 1142 plenior
1463 1078 1620 1129 media,
1657 1077 1782 1123 orbis
1805 1092 2027 1124 terrarum
2050 1075 2210 1124 faciem

272 1157 355 1204 per
378 1141 531 1186 decem
555 1142 730 1187 circiter
750 1159 970 1189 annorum
995 1147 1213 1191 centurias
1233 1145 1332 1210 post
1355 1145 1752 1192 Constantinoru'm
1775 1159 1964 1206 aetatem
1989 1143 2209 1191 illustrans

273 1225 320 1254 ac
351 1204 631 1271 persequens,
668 1207 742 1255 sed
772 1209 913 1256 labori
938 1213 1041 1258 huic
1074 1217 1122 1259 A.
1158 1228 1290 1272 1707.
1330 1215 1602 1259 immortuus
1635 1214 1709 1257 vir
1745 1213 2017 1276 praeclarus,
2070 1229 2209 1277 pauca

273 1293 366 1321 eius
398 1278 648 1337 argumenti
683 1277 730 1322 in
763 1275 934 1325 schedis
962 1277 1116 1326 affessla
1147 1281 1350 1345 reliquit,
1406 1279 1623 1346 perficere
1654 1294 1785 1343 atque
1813 1283 1861 1326 in
1893 1280 2042 1327 lucem
2075 1280 2209 1328 edere

273 1359 386 1407 opus
410 1341 818 1394 defiderati-ffimum
843 1347 960 1395 haud
988 1349 1150 1413 potuit.
1750 1364 1757 1368 ’
2117 1347 2122 1351 ’

416 1482 514 1525 XII.
556 1480 762 1528 Parallelzi
798 1483 964 1529 veteris
994 1497 1036 1529 et
1071 1499 1215 1530 nouae
1248 1481 1565 1546 Geographiae
1598 1480 1740 1528 edidit
1764 1480 1976 1547 Philippus
1999 1482 2207 1535 Brietius,

268 1543 437 1592 Parisiis
475 1551 611 1603 ¹648.
635 1563 677 1594 et
696 1564 777 1610 49.
815 1566 862 1612 4.
915 1550 1057 1597 tribus
1081 1551 1414 1602 voluminibus,
1474 1552 1703 1612 Europam
1729 1550 1940 1595 duntaxat
1967 1546 2207 1614 persequu-

270 1628 352 1659 tus.
459 1615 661 1660 Similem
694 1615 1040 1680 parallelismum
1075 1615 1226 1680 paslim
1262 1632 1416 1662 notant
1447 1615 1689 1662 Ptolemaei
1719 1615 2008 1662 illustratores
2034 1620 2207 1663 Bertius
2249 1663 2263 1666 ,

270 1694 312 1725 et
346 1679 434 1732 alii,
471 1694 568 1725 tum
599 1683 803 1745 plerique
837 1701 862 1729 e
892 1681 1184 1748 scriptoribus
1217 1682 1568 1736 recentioribus,
1617 1699 1728 1746 quos
1762 1686 1850 1728 iam
1880 1685 2128 1740 nominaui,
2164 1698 2208 1730 et

272 1745 482 1809 deinceps
503 1746 794 1795 recenliturus
816 1747 926 1795 sum.
1039 1755 1186 1814 Qam
1219 1752 1266 1797 in
1292 1768 1388 1797 rem
1419 1751 1818 1797 commemoranda
1838 1751 1927 1796 hoe
1949 1749 2051 1795 loco
2073 1752 2208 1797 etiam

272 1816 386 1859 Ioan.
409 1815 614 1880 Baptistae
634 1817 868 1876 Andzffreti
891 1819 1181 1883 Geogr'aphia
1202 1834 1344 1872 vetus,
1385 1835 1502 1864 noua
1523 1831 1566 1863 et
1586 1815 1811 1875 historica,
1843 1818 2020 1877 vulgata
2035 1817 2205 1877 gallice,

269 1879 438 1928 Parisiis
485 1891 625 1939 1689.
684 1887 831 1942 1691.
898 1889 1036 1946 1694.
1093 1885 1236 1931 tribus
1265 1884 1578 1932 voluminibus
1611 1887 1658 1931 in
1693 1881 1843 1931 forma
1874 1885 2207 1948 quadripartita.

271 1947 355 1995 Sed
389 1965 469 1994 nec
495 1948 568 1994 illa
592 1953 818 2015 Europam
856 1953 1095 2014 egreditur.
1207 1956 1372 2017 Neque
1407 1954 1558 1999 minus
1581 1955 1745 2001 Ioannis
1767 1955 1898 2014 eryts
1925 1951 2203 1999 introduffio

271 2015 326 2062 ad
359 2018 697 2081 Gcographiam
721 2035 887 2066 nouam
921 2015 968 2066 ct⁴
996 2025 1210 2068 veterem.
1313 2018 1545 2066 Vltraieffi
1584 2026 1725 2075 1692.
1761 2035 1806 2082 4.
1844 2034 1886 2064 et
1909 2017 2076 2066 Nohloti
2095 2036 2206 2081 geo·
2261 2049 2263 2085 ÷

271 2085 455 2147 graphia
484 2083 744 2132 vniuersalis
757 2121 772 2142 ,
820 2087 1028 2134 historica
1052 2104 1094 2134 et
1117 2082 1462 2149 chronologica,
1512 2101 1646 2132 vetus
1670 2102 1712 2131 et
1734 2103 1872 2141 noua,
1917 2102 2028 2149 quae
2048 2088 2204 2149 gallice
2260 2132 2262 2146 ζ

270 2148 425 2199 excusa
449 2149 509 2198 est
539 2151 708 2199 Parifiis'
739 2169 826 2216 172
839 2170 878 2217 ς.
914 2155 1226 2203 voluminibus
1255 2153 1328 2202 sex
1354 2157 1401 2202 in
1425 2152 1575 2201 forma
1595 2150 1860 2219 o&opartita
1881 2159 2071 2202 minore.

420 2287 540 2333 xm.
587 2289 751 2335 Lexica
779 2290 833 2337 ad
868 2304 1066 2337 veterem
1094 2291 1432 2355 Geographiam
1462 2289 1798 2351 intelligendam
1828 2306 2004 2354 praeter
2029 2304 2204 2335 veteres

270 2351 484 2415 Eust’bium
506 2370 549 2401 et
569 2356 819 2422 Stephammz
843 2361 1127 2420 Byzantinum
1163 2360 1249 2404 iam
1276 2356 1407 2421 supra
1438 2374 1710 2404 memoratos
1747 2359 2080 2404 adornauerunt
2100 2354 2202 2402 libr.
2253 2387 2255 2423 3

271 2423 468 2477 ortelius,
505 2436 548 2468 et
577 2426 655 2486 qui
682 2426 852 2471 receuti
882 2439 1063 2487 quoque
1095 2426 1411 2488 Geographiae
1441 2423 1570 2470 fimul
1592 2426 1735 2472 lucem
1757 2422 1993 2471 affundunt
2016 2423 2231 2485 fingula-.
2259 2451 2263 2460 ·

273 2504 394 2539 rem,
440 2490 651 2556 Philzppus'
682 2494 935 2544 Ferrarius,
989 2495 1039 2537 in-
1067 2491 1294 2538 Ticineuli
1317 2493 1553 2538 Academia
1582 2493 1919 2539 Mathematices
1948 2488 2196 2538 Professor:
2249 2500 2252 2505 ·

273 2555 554 2618 Ferrariique
584 2558 880 2622 locupletator
908 2560 1094 2605 Michael
1121 2566 1326 2606 Antonius
1358 2563 1662 2615 Bandrandus,
1712 2557 1953 2616 Parisinus,
1993 2560 2070 2622 qui
2098 2562 2132 2604 F
2136 2574 2201 2613 er-
2248 2557 2251 2591 j

273 2621 380 2665 rarii
397 2623 598 2668 Lexicon
625 2627 934 2680 emendatum,
981 2625 1244 2673 illustratum
1265 2643 1305 2673 et
1331 2625 1510 2674 austum
1538 2627 1678 2673 edidit
1699 2624 1868 2672 Parifiis
1901 2629 2040 2684 1670.
2079 2640 2200 2670 recu·
2246 2655 2248 2659 ›

276 2683 370 2733 sum
391 2686 553 2735 deiude
575 2693 774 2738 Veneriis
808 2698 942 2754 1677.
982 2710 1024 2739 et
1049 2691 1207 2740 [seii-aci
1239 2702 1376 2753 1677.
1413 2736 1430 2746 ,
1484 2697 1708 2757 Deinceps
1731 2709 1876 2739 autem
1912 2693 2022 2739 illud
2053 2689 2207 2757 ipsum<
2244 2703 2247 2714 ¹

275 2769 404 2822 Opus,
444 2753 629 2803 dimidia
658 2754 752 2806 fere
785 2776 909 2823 parte
936 2759 1129 2818 aucium,
1174 2759 1402 2828 suppresso
1433 2763 1649 2818 Ferrarii,
1694 2759 1985 2826 prae-fixoque
2015 2758 2100 2829 suo'
2122 2774 2201 2805 no·
2244 2766 2245 2769 ’

2078 2841 2209 2874 mme-
2240 2844 2243 2867 τ
