2263 3027
748 67 762 71 '⁸
795 103 892 155 ET
929 61 1354 154 'macomssxs
1583 139 1586 142 <
1671 150 1677 154 .
1959 112 2052 169 663

115 221 484 282 &Valentiniani
508 238 562 268 -ac
594 217 845 268 Theodosii
873 216 1235 266 constitutionem
1270 235 1363 267 non
1396 216 1764 277 adsciscebantur‚
1803 233 1939 281 agunt
1965 222 2058 267 viri

66 323 78 326 -
116 285 239 338 doffi
263 291 314 336 ad
339 289 560 337 celebrem
595 287 837 353 Epistulam
870 285 1026 338 Plinii,
1063 301 1158 332 tum
1196 289 1316 335 idem
1349 289 1580 350 Zieglerus
1611 287 1730 335 libro
1762 288 1817 335 de
1844 289 2057 335 Diaconis

115 374 210 421 cap.
237 359 316 405 vlt.
339 359 533 417 Cangius
562 358 616 401 ad
641 354 901 402 Alexiadem
929 359 1085 400 Annae
1117 358 1376 402 Conmenae
1405 373 1449 420 p.
1484 362 1599 417 416,
1630 369 1743 419 421.
1813 358 2058 421 Pompeius

115 425 303 471 Sarnelli
329 427 374 470 in
398 423 767 486 Bafilicographia
789 437 884 484 cap.
913 438 984 479 17.
1052 425 1320 484 Beueregius
1345 424 1397 469 ad
1418 426 1693 471 CanonsXV.
1709 418 2058 472 Chalcedonens.

114 490 322 556 Justellus
346 492 400 537 ad
424 496 528 538 Can.
550 493 664 535 XIX.
687 490 968 542 Nic-aenum,
1003 491 1214 535 Morinus
1239 506 1350 554 part.
1376 505 1414 549 3.
1444 493 1600 537 Exere.
1632 506 1705 540 ιο.
1738 491 1793 537 de
1821 488 1950 537 sacris
1971 493 2057 548 Orf

117 559 250 613 din-at.
274 556 462 620 Basnage
482 558 535 605 ad
560 562 607 602 A.
625 559 676 610 ¹C.
697 571 770 614 35.
793 573 834 601 n.
859 552 991 618 14sq.
1006 554 1190 619 qui'illis
1214 574 1393 620 quoque
1414 575 1567 604 manus
1590 556 1817 622 impositas
1836 575 1962 605 num.
1982 572 2058 617 17.

116 624 319 675 obser-nat
341 624 786 672 conrraBaronium:
828 623 1078 682 Cotelerius
1102 638 1216 674 tom.
1246 643 1282 670 1.
1302 629 1480 670 Patrum
1505 624 1705 688 Apostol.
1736 642 1779 689 p.
1804 621 1915 685 287.
1983 624 2058 671 Al·

117 693 244 746 latius
266 695 312 739 in
336 686 546 739 consensu
569 690 795 737 orientalis
819 705 862 735 et
899 690 1184 736 occidentalis
1207 690 1418 737 Ecclesiae
1453 709 1494 755 p.
1517 699 1628 753 675.
1663 690 1906 754 Dionysius
1938 695 2057 738 Peta-

116 761 215 806 uius
240 761 292 806 ad
315 759 560 824 Epiphanii
582 756 922 821 Expofitionem
949 756 1053 803 fidei
1078 775 1119 821 p.
1149 766 1237 817 348
1262 756 1322 821 sq.
1346 757 1818 813 Iacob.Gothoft·edus
1840 761 1894 805 ad
1916 759 2058 806 codic.

114 826 491 873 Theodosian.T.
523 830 565 872 6.
596 841 641 888 p.
677 831 740 873 60
774 821 836 886 sq.
869 828 989 869 Ioan.
1024 824 1300 873 Cabussutius
1335 828 1483 872 Notit.
1513 824 1749 872 Ecclefiast.
1775 843 1817 889 p.
1842 840 1921 887 25.
1988 829 2057 871 Io-

116 892 224 959 seph
262 895 532 956 Binghamus
557 894 736 953 Origin.
766 890 1000 937 Ecclesiast.
1031 892 1107 938 lib.
1128 903 1154 938 ἰ
1175 909 1212 941 r.
1248 911 1281 940 c.
1314 907 1388 946 22.
1420 891 1676 939 Franciscus
1704 895 1845 939 Maria
1871 893 2058 939 Floren-

115 964 251 1008 tinius
277 964 320 1007 in
346 963 664 1007 exercitatione
695 975 749 1018 15
765 959 819 1005 ad
841 961 1227 1022 Martyrologium
1245 962 1540 1023 Hieronymo
1555 960 1771 1006 tributum
1795 977 1839 1023 p.
1855 974 1950 1020 979
1962 957 2059 1023 sqq.

98 1032 235 1082 Joan.
259 1031 409 1075 Pinius
439 1030 484 1073 in
511 1025 697 1073 trafftatu
719 1026 774 1072 de
793 1025 1006 1072 Ecclesiae
1028 1025 1310 1081 Diaconum,
1347 1030 1424 1091 qui
1455 1024 1712 1091 praemissus
1735 1025 1796 1073 est
1823 1024 1944 1072 Affls
1957 1030 2059 1072 San-

29 1143 35 1147 ,
119 1095 230 1144 Utor.
258 1093 613 1160 Antuerpiensib,
639 1093 795 1141 mensis
819 1094 1118 1158 Septembris,
1149 1099 1205 1143 T.
1233 1112 1269 1143 1.
1292 1112 1336 1160 p.
1362 1111 1380 1143 1
1412 1091 1508 1158 sqq.
1543 1094 1758 1155 Agnellus
1781 1098 2059 1146 Honoratus.

115 1161 291 1210 Differt.
316 1168 458 1210 Lucae
484 1178 621 1223 1737,
648 1182 690 1218 4.
725 1162 944 1208 editarum
966 1179 1066 1226 pag.
1093 1171 1158 1218 64
1190 1160 1281 1226 sqq.
1320 1176 1362 1209 et
1393 1166 1514 1208 Ioan.
1535 1162 1773 1226 Philippus
1797 1159 1987 1208 Odelem
2010 1162 2060 1206 in

117 1229 321 1279 dissertat.
342 1231 397 1276 de
421 1227 681 1276 Diaconissis
705 1231 963 1294 primitiuae
991 1228 1217 1277 Ecclesiae.
1239 1228 1410 1294 Lipsiae
1443 1245 1582 1289 1700.
1634 1231 1929 1293 Praecipuum
1957 1229 2060 1274 Dia-

117 1296 384 1347 coniffarum
416 1314 577 1342 munus
608 1299 655 1343 in
690 1298 1006 1360 praeparandis
1036 1299 1205 1361 Agapis
1238 1296 1433 1362 positum
1470 1294 1600 1344 fuisse
1627 1293 1772 1343 censet
1801 1300 1920 1344 Ioan.
1942 1292 2059 1351 Dav,-

115 1363 354 1411 Michaelis
384 1365 430 1407 in
453 1378 560 1407 nota
580 1367 659 1418 76.
681 1361 933 1425 paraphrasi
964 1381 975 1408 1
1007 1366 1090 1426 Ep.
1113 1363 1236 1409 Pauli
1262 1365 1314 1410 ad
1335 1365 1543 1408 Timoth.
1566 1380 1609 1426 p.
1636 1379 1693 1423 57
1716 1361 1919 1409 subiefi‘ca.
1987 1365 2060 1408 De

117 1427 380 1478 Diaconiffis
394 1427 510 1492 apud
523 1431 673 1491 Syros3
697 1445 883 1490 quarum
911 1430 1081 1474 mentio
1095 1430 1228 1475 etiam
1252 1431 1299 1474 in
1312 1433 1531 1491 Syrorum
1559 1429 1919 1475 ordinationibus
1940 1427 2060 1493 apud

118 1500 357 1544 Morinum
372 1513 412 1560 p.
425 1510 531 1554 502.
544 1493 981 1542 vide-Ass'emannum
999 1498 1043 1541 in
1056 1494 1218 1543 differt.
1231 1498 1285 1542 de
1297 1494 1636 1560 Monophysitis
1648 1500 1751 1543 T.2.
1770 1495 1867 1542 Bibl
1897 1498 2059 1542 Orien-

116 1564 187 1623 tal.
203 1564 279 1609 litt·
308 1561 337 1608 s.
352 1577 393 1611 2.
423 1567 636 1608 Sororem
657 1561 916 1623 Augustini,
950 1564 1224 1628 praeposttam
1249 1565 1503 1609 ancillarum
1527 1567 1609 1609 Dei
1629 1579 1761 1609 vocat
1785 1560 2060 1609 Poffidiusin

115 1628 356 1691 Augustini
386 1632 478 1676 vita
501 1646 592 1694 cap.
623 1639 696 1687 76.
767 1633 834 1676 De
863 1629 1116 1690 virginibus
1135 1628 1440 1675 Ecclesiasticis
1473 1631 1618 1692 (quae
1640 1647 1663 1675 a
1686 1630 1964 1675 Moniahbus
1996 1629 2060 1676 di·
2131 1690 2134 1691 ⁷

114 1696 327 1756 stinfftae)
363 1698 469 1742 vide
491 1695 712 1744 Valesium
741 1697 792 1743 ad
817 1699 1057 1742 Sozomeni
1090 1700 1214 1743 VlII.
1244 1709 1323 1758 23.
1393 1695 1666 1742 Mulieribus
1696 1713 1924 1760 nunquam
1955 1713 2060 1755 con-

110 1761 276 1813 ‘ceffum
302 1762 361 1809 est
384 1762 633 1809 ministrare
658 1766 705 1809 in
727 1762 863 1810 missa.
935 1765 1050 1810 Vide
1077 1760 1321 1827 Iosephum
1345 1764 1671 1810 Vicecomitem
1706 1762 1781 1810 lib.
1818 1780 1856 1810 ι.
1884 1763 1940 1810 de
1967 1764 2061 1810 riti·

115 1831 199 1878 bus
222 1829 368 1878 missae
392 1848 426 1877 c.
461 1843 529 1894 13.
567 1829 646 1887 nisi
669 1832 793 1894 quod
823 1846 1030 1879 canerent
1069 1831 1389 1880 alternantibus
1413 1835 1462 1878 in
1482 1829 1671 1878 Ecclesia
1690 1831 1841 1879 choris
1865 1832 2060 1879 marium

115 1913 163 1946 et
184 1896 470 1946 feminarum.
507 1888 572 1945 Id.
605 1916 641 1945 c.
671 1914 744 1960 33.
1039 1913 1044 1917 ·

261 2035 359 2079 XV.
378 2036 553 2085 Praeter
566 2030 829 2098 Episcopos,
849 2031 1140 2097 Presbyteros
1160 2050 1203 2082 et
1220 2036 1443 2081 Diaconos
1471 2032 1733 2084 succedente
1757 2050 1978 2102 tempore,
1999 2035 2061 2083 atss

121 2117 207 2164 que
218 2101 456 2161 Religione
470 2101 714 2148 Christiana
728 2103 854 2148 latius
876 2101 1092 2164 latiusque
1104 2119 1348 2167 propagata
1363 2118 1405 2148 et
1426 2101 1734 2158 inualescente‚
1756 2104 1892 2165 longe
1905 2103 2058 2167 plures

120 2170 317 2215 Ordines
337 2165 617 2214 Ecclesiastici
637 2169 684 2214 in
717 2167 797 2214 vsu
829 2167 913 2216 esse
934 2177 1201 2234 coeperunt,
1237 2187 1367 2233 atque
1402 2172 1450 2215 in
1490 2169 1672 2233 singulis
1702 2174 1842 2218 ‘etiam
1874 2172 2059 2216 illorum

54 2256 58 2257 ⁷
122 2237 258 2281 trium
283 2235 434 2298 plures
456 2237 690 2295 excogitati
717 2237 877 2296 gradus
896 2253 1026 2299 atque
1050 2255 1382 2300 praerogatiuae
1404 2238 1663 2293 titulorum,
1698 2240 1860 2303 primis
1883 2252 2058 2299 tempo-

121 2302 244 2358 ribus
265 2305 522 2364 ignoratae..
574 2305 800 2352 Henricus
819 2306 960 2350 Noris
983 2302 1074 2349 diss.
1098 2305 1153 2351 de
1174 2309 1327 2367 quinta
1346 2304 1532 2364 Synodo
1557 2321 1601 2368 p.
1626 2314 1702 2364 76.
1728 2320 1917 2367 quatuor
1936 2301 2058 2348 ordi·

123 2370 201 2417 nes
221 2367 548 2434 Episcoporum
576 2369 855 2416 introdufftos
888 2369 1112 2423 obferunt,
1146 2389 1288 2417 vnum
1326 2371 1511 2433 quidem
1545 2389 1700 2419 eorum
1735 2373 1811 2433 qui
1845 2372 1925 2415 vni
1951 2367 2058 2415 vrbi.

60 2455 63 2458 ·
121 2436 196 2484 vel
214 2439 451 2484 Parochiae
472 2433 736 2502 praeessent:
775 2438 978 2485 Alterum
1010 2440 1444 2506 Metropolitanorum
1477 2444 1520 2477 19
1551 2441 1629 2503 qui
1662 2439 1743 2484 vni
1770 2437 2056 2502 prouinciae:

326 2522 332 2527 ·
1041 2508 1077 2551 E
1114 2520 1145 2557 2
1472 2538 1478 2543 .
1965 2517 2056 2550 ter-

193 2640 231 2667 '9
253 2638 315 2678 De
337 2636 592 2694 Suffiwganeis
613 2637 988 2690 Metropolitanorum
1023 2639 1196 2679 Baluzius
1225 2652 1262 2692 p.
1294 2652 1373 2694 421
1406 2637 1456 2690 sq.
1485 2638 1531 2678 ad
1580 2639 1729 2692 Lupum
1752 2636 2058 2680 Feri-ariensem

123 2691 181 2729 De
201 2692 587 2747 Metropolitanorum
620 2694 837 2733 auctoritate
864 2695 1078 2740 conferatur
1103 2698 1205 2734 Ioan.
1226 2696 1417 2734 Launoius
1444 2693 1595 2747 Epistol.
1627 2708 1662 2746 p.
1680 2706 1766 2747 ‘743
1791 2692 1843 2747 sq.
1908 2692 2057 2745 Ios-ephi
2095 2736 2098 2738 .

73 2788 91 2796 ,
112 2746 271 2794 ,Mottae
289 2748 427 2793 differt.
447 2750 496 2790 de
515 2750 803 2802 Metropolitico
826 2749 907 2788 iure
930 2751 1063 2790 Vener.
1088 2752 1203 2805 1726.
1235 2762 1274 2801 4.
1303 2760 1341 2789 et
1363 2752 1466 2802 ioan.
1491 2747 1633 2792 Gut'tfr.
1649 2750 1825 2792 Koerner
1841 2750 1885 2791 in
1903 2749 1985 2790 diss.
2003 2746 2055 2787 de

121 2800 507 2859 Metropolitanotum
529 2807 572 2848 in
598 2804 748 2848 ecclelia
767 2805 886 2847 veteri
908 2805 1138 2847 auftoritate.
1159 2804 1257 2859 Lips.
1281 2816 1357 2860 175
1367 2816 1400 2848 ι.
