2263 3027
715 56 723 72 2
810 23 1299 78 'HOROLOGQ
1366 40 1389 73 .·
1907 41 2031 83 1011

94 156 154 200 T.
171 148 360 218 1]·p.94.
394 149 668 197 Foculorum
690 150 792 198 loco
816 150 962 198 crania
982 147 1179 197 adhibita
1209 147 1309 198 sunt
1339 146 1556 203 humana,
1587 147 1693 196 vide
1714 147 1968 196 Salmafium
1987 150 2042 196 ad

95 221 299 285 solinum
323 236 369 283 p.
388 231 490 274 192.
517 234 560 265 et
581 219 843 282 Keyslerum
874 236 974 283 pag.
998 225 1106 280 363.
1128 220 1440 282 antiquitatum
1470 214 1903 276 septentrionalium,
1969 219 2040 262 De

94 287 204 333 colis
230 287 415 333 vinariis
450 301 655 333 veterum
683 285 919 349 Philippus
947 288 1150 332 Venutus
1181 302 1306 349 parte
1335 287 1482 348 prima
1500 280 1696 347 sylloges
1717 280 1879 332 differt.
1903 283 2037 330 Acad.

95 353 384 400 Cortonenfis
409 369 509 417 pag.
527 356 619 409 81.
641 352 877 398 Videndus
898 354 1029 399 etiam
1051 356 1238 398 Ioannes
1258 353 1541 412 Doughteius
1563 351 1617 397 de
1639 349 1845 397 calicibus
1865 351 2035 397 Eucha-

92 419 277 483 risticis‚
313 438 414 467 cum
436 416 632 481 mantissa
653 422 841 466 Ioannes
861 423 970 465 Faes
991 422 1070 470 τοῦ
1086 422 1362 486 μακαρίτου,
1394 423 1536 464 Brem.
1563 415 1711 479 1694}
1724 425 1762 472 8.
1795 432 1886 480 quo
1909 417 1957 462 in
1977 414 2037 463 li-

94 486 179 534 bro
202 488 258 534 de
284 490 418 534 variis
435 487 705 551 poculorum
727 486 967 547 generibus
987 484 1209 534 disseritur
1227 503 1269 533 et
1291 491 1478 533 Ioannes
1500 489 1618 531 Bona
1638 501 1791 531 rerum
1814 484 2038 544 liturgica·

92 571 195 602 rum
218 553 293 600 lib.
316 573 352 603 ι.
378 567 561 617 cap-25.
629 557 698 600 De
719 554 851 600 doliis
876 552 1073 615 figulinis
1093 568 1135 600 et
1168 551 1319 615 sigillis
1347 552 1509 616 quibus
1535 550 1719 613 signata,
1751 551 1857 596 vi‘de
1881 553 2036 597 Mont-

91 619 274 670 fauconi
296 620 683 682 Palaeographiam
713 637 759 685 p.
785 624 892 675 168.
926 636 969 667 et
988 621 1216 667 Andream
1236 622 1438 667 Baccium
1461 618 1538 666 lib.
1561 638 1597 667 1.
1619 619 1674 665 de
1696 619 1825 663 Vinis
1845 633 1935 680 cap.
1961 632 2036 676 31.

90 691 162 735 De
196 691 330 737 armis
359 703 563 735 veterum
595 686 903 734 conuiualibus
935 686 1024 734 siue
1056 688 1208 734 cultris
1239 702 1282 732 et
1323 685 1627 733 cochlearibus
1659 685 1765 731 vide
1794 680 2037 730 Baruffiildi

91 753 359 803 schediasma
379 751 583 801 recusum
601 758 660 799 T.
674 758 751 800 111.
770 752 964 801 thesauri
987 754 1276 815 Sallengriani
1300 771 1341 813 p.
1355 768 1466 815 737.
1519 752 1764 801 Cochleare
1784 766 1909 796 acuto
1932 748 2034 795 stilo

89 824 368 888 praeditum,
405 833 466 868 ex·
495 838 585 884 quo
619 822 774 874 Plinii,
819 821 1011 866 Pollucis
1041 836 1084 867 et
1113 821 1331 866 Martialis
1357 820 1453 866 loca
1485 818 1715 879 insigniter
1741 813 2030 870 illustrantur,

90 891 198 936 vide
230 892 278 936 in
307 891 485 936 Ioannis
511 890 682 935 Battelii
711 886 1045 950 antiquitatibus
1069 888 1312 951 Rutupinis
1339 903 1436 948 pag.
1454 894 1529 943 83.
1599 884 1857 930 Cocblearia
1886 885 2036 944 lignea

90 959 317 1018 Gregorio
340 961 440 1004 VII.
463 956 586 1003 dono
607 953 722 1001 misit
744 958 897 1000 Petrus
920 954 1140 1000 Damiani.
1221 951 1392 999 Confer
1414 951 1628 998 Leibnitii
1650 952 1794 996 otium
1820 954 2034 996 Hanoue-

89 1041 247 1071 ranum
269 1039 492 1088 pag.205‚
547 1021 845 1069 Instrumenta
874 1023 1053 1084 antiqua
1080 1019 1236 1066 rustica
1267 1021 1386 1066 idem
1411 1015 1765 1065 Montfauconus
1789 1033 1889 1081 pag.
1916 1032 1953 1072 3.
1976 1032 2034 1061 ex

90 1093 233 1137 veteri
255 1093 410 1138 codice
435 1089 696 1136 Scholiastae
719 1087 906 1155 Hesiodi
925 1087 1128 1141 exhibet,
1166 1104 1276 1150 quae
1304 1088 1454 1132 minus
1475 1100 1674 1131 accurate
1699 1086 1744 1130 in
1766 1082 2034 1146 quibusdam

88 1157 278 1205 Hesiodi
302 1156 575 1204 editionibus
598 1172 640 1203 et
665 1158 712 1202 in
726 1153 914 1202 Gesneri
934 1154 1116 1200 historia
1139 1154 1397 1200 animalium
1420 1152 1664 1203 traduntur.
1737 1149 2034 1198 Instrumenta

88 1222 266 1271 fabrilia
288 1226 335 1270 in
356 1221 729 1287 Inscriptionibus
753 1223 939 1269 Gruteri
961 1239 1004 1286 p.
1016 1226 1127 1281 64-4.
1163 1221 1415 1283 Teraphim
1436 1218 1627 1265 Labanis
1648 1217 1952 1262 Maimonides
1974 1216 2033 1262 de

88 1292 334 1352 horologio
355 1293 686 1353 interpretatur.
755 1290 874 1336 Vide
894 1287 1111 1335 Buxtorfii
1132 1289 1333 1335 Lexicon
1353 1285 1649 1332 Rabbinicum
1674 1300 1719 1347 p.
1743 1290 1889 1345 2663.
1962 1285 2034 1329 De

36 1396 39 1397 γ
87 1359 342 1419 horologiis
364 1373 591 1410 veterum,
629 1355 859 1422 (ὠρονᾶμιοι
893 1370 1020 1402 vocat
1041 1357 1167 1402 Alex.
1194 1351 1436 1418 Aphrodis,
1463 1356 1495 1400 Ι.
1519 1369 1598 1412 95.
1632 1350 1875 1415 problem.)
1902 1365 2033 1412 aqua·

86 1426 188 1480 riis,
223 1423 313 1471 fiue
344 1421 626 1488 Clepsydris,
669 1425 854 1488 aliisque
884 1437 929 1468 et
961 1420 1176 1468 solaribus
1210 1417 1409 1468 consules
1442 1422 1707 1482 interpretes
1738 1417 1792 1464 ad
1820 1433 1865 1479 4.
1888 1419 2030 1477 Regg.

87 1495 180 1538 XX.
199 1508 216 1540 1
234 1507 269 1540 ι.
291 1488 358 1537 Es.
380 1494 627 1538 XXXVIII.
651 1499 693 1547 8.
721 1488 1028 1548 cassiodorum
1054 1489 1130 1535 lib.
1158 1505 1196 1534 1.
1227 1490 1464 1534 Variarum
1493 1483 1627 1549 Epist.
1649 1500 1728 1546 45.
1762 1485 2034 1531 Kircher'um

86 1561 134 1605 in
154 1575 246 1605 arte
265 1575 423 1619 magna
443 1557 553 1604 lucis
576 1574 619 1604 et
639 1558 825 1605 vmbrae
849 1575 895 1622 p.
914 1565 1017 1618 156.
1035 1553 1099 1621 sq.
1126 1569 1169 1602 et
1190 1571 1317 1601 tomo
1332 1568 1371 1602 τ.
1394 1553 1561 1617 Oedipi
1584 1569 1627 1616 p.
1647 1559 1759 1615 338.
1773 1548 1834 1614 sq,
1854 1547 2033 1596 Salmas.

87 1625 140 1671 ad
167 1626 303 1672 Soli'n.
330 1641 373 1689 p.
393 1629 503 1684 634.
525 1625 628 1671 edit.
647 1622 775 1671 Paris.
799 1640 841 1671 et
860 1633 971 1686 647.
994 1621 1056 1686 sq.
1105 1624 1334 1669 Laurentii
1355 1620 1663 1684 Polymathiae
1682 1619 1757 1663 lib.
1778 1636 1815 1665 1.
1836 1615 1929 1663 diff.
1957 1632 1971 1664 ι,
1988 1633 2028 1675 3.

86 1691 160 1739 lib.
175 1705 215 1739 2.
240 1688 331 1738 diff.
360 1696 432 1739 16.
467 1696 589 1738 Ioan.
610 1695 778 1738 Bonam
795 1693 856 1742 ‚de
879 1692 1029 1737 diuina
1050 1687 1293 1736 Psalmodia
1315 1705 1349 1734 c.
1373 1703 1415 1747 3.
1448 1691 1629 1734 Petrum
1651 1684 1844 1732 Fabrum
1869 1687 1924 1728 II.
1949 1698 2029 1740 25,

84 1756 384 1814 semestrium,
416 1756 697 1805 Franciscum
719 1759 942 1805 Polletum
962 1755 1144 1803 historia
1162 1753 1254 1802 fori
1274 1756 1466 1801 Romani
1486 1753 1560 1799 lib.
1594 1769 1628 1800 ι.
1660 1769 1694 1798 c.
1717 1767 1759 1811 9.
1795 1750 1875 1796 vbi
1895 1749 1949 1796 de
1972 1750 2026 1795 ad

88 1822 366 1888 clepsydram
389 1826 653 1874 dicentibus.
690 1823 947 1872 Balforeum
967 1825 1021 1871 ad
1043 1823 1334 1870 Cleomedem
1355 1838 1401 1886 p.
1424 1836 1527 1881 144.
1561 1819 1833 1867 Bandurium
1855 1834 1898 1881 p.
1916 1825 2026 1875 857,

85 1893 140 1938 ad
164 1894 609 1954 AntiquitatesCPol.
633 1894 845 1939 Carolum
868 1893 928 1938 du
947 1888 1111 1937 Fresne
1133 1892 1180 1936 in
1199 1887 1407 1951 glossario
1429 1904 1543 1933 voce
1564 1887 1841 1950 Horologium
1859 1883 2029 1928 noem-ff

87 1976 186 2008 num
207 1974 249 2005 et
275 1960 322 2003 in
346 1961 480 2004 CPoli
498 1958 743 2006 Christiana
766 1975 903 2023 p.74.
940 1956 1247 2004 Caffiodorum
1277 1956 1354 2003 lib.
1373 1974 1409 2002 1.
1431 1970 1522 2001 var.
1545 1950 1714 2017 epistol.
1735 1966 1814 2014 45.
1837 1966 1878 1997 et
1901 1967 1932 1996 c.
1950 1964 2028 2012 30.

88 2027 143 2072 de
166 2024 349 2072 institut.
372 2025 624 2071 diuinarum
645 2028 907 2072 litterarum.
954 2024 1150 2071 Plinium
1173 2023 1365 2069 Iib.VII.
1386 2025 1449 2068 H.
1463 2022 1525 2067 N.
1548 2036 1640 2082 cap.
1655 2023 1732 2068 60.
1768 2018 2026 2079 Rycquium

85 2110 180 2157 cap.
212 2108 283 2153 34.
305 2091 358 2137 de
391 2092 614 2154 capitolio.
664 2091 892 2156 Aloysium
914 2093 1204 2137 Nouarinum
1223 2093 1278 2136 V.
1319 2104 1389 2144 14.
1417 2083 1714 2133 schediasmat.
1746 2082 2027 2140 Perraultum

87 2175 132 2208 et
159 2161 269 2205 alios
303 2161 425 2205 viros
454 2156 611 2204 dossos
643 2158 697 2204 ad
730 2160 992 2205 Vitruuium
1013 2161 1085 2205 IX.
1100 2173 1146 2216 9.
1197 2155 1409 2202 Allatium
1442 2152 1497 2197 de
1526 2149 1729 2198 mensura
1761 2165 2025 2213 temporum

89 2245 180 2291 cap.
195 2231 239 2274 6.
265 2241 308 2272 et
328 2242 372 2284 7.
409 2229 471 2270 Io.
497 2224 641 2271 Gottl.
663 2227 965 2290 Carpzouium
985 2226 1032 2269 in
1052 2220 1413 2269 annotationibus
1434 2221 1487 2265 ad
1515 2218 1828 2266 Goodwinum
1853 2232 1896 2278 p.
1914 2229 1968 2272 35
1985 2229 2028 2262 t.

89 2293 412 2354 Anthologiam
437 2293 585 2354 Epigr.
608 2294 684 2337 IV.
702 2307 773 2351 34.
800 2310 842 2356 p.
859 2308 881 2353 5
898 2306 966 2351 ¹9·
987 2288 1080 2352 sqq.
1118 2287 1389 2335 Bandurium
1408 2301 1504 2350 pag.
1520 2295 1627 2346 857.
1639 2285 1887 2346 antiquitat.
1904 2284 2032 2328 CPo·

85 2363 334 2409 iit-auarum.
356 2361 508 2405 Crenii
522 2357 825 2410 Animaduers.
845 2352 1188 2422 X1.p.169.sqq.
1212 2350 1761 2415 Sallieriidisquifitionem
1775 2350 1831 2396 de
1843 2350 2022 2410 origine

87 2428 461 2487 horologiorum,
507 2442 616 2488 quae
649 2423 784 2471 exstat
809 2441 937 2471 tomo
958 2428 1013 2471 V.
1042 2423 1363 2470 memoriarum
1395 2421 1640 2466 academiae
1670 2414 2023 2481 Inscriptionum

85 2514 131 2562 p.
155 2506 255 2554 ¹94-
281 2492 375 2556 sqq.
397 2491 471 2540 sed
501 2490 659 2538 confer
683 2506 863 2556 quoque
884 2492 1129 2547 Memorias
1159 2488 1447 2534 Treuoltinas
1469 2492 1519 2533 A.
1548 2500 1689 2548 1725.
1714 2501 1759 2549 p.
1791 2497 1902 2546 757.
1927 2480 2023 2545 sqq.

86 2564 168 2610 vbi
189 2560 421 2609 refellitur.
490 2557 755 2619 Menagiana
782 2561 839 2607 T.
861 2561 939 2605 IV.
960 2572 1126 2623 p.219.
1160 2554 1238 2602 vbi
1267 2557 1398 2602 etiam
1428 2554 1482 2601 de
1508 2553 1778 2613 horologio,
1810 2550 1933 2613 quod
1963 2551 2019 2595 ad

86 2631 301 2697 Carolum
323 2631 393 2678 M.
411 2628 533 2698 dono
552 2625 670 2678 mifit
685 2622 917 2680 Persarum
935 2642 1040 2683 rex,
1074 2626 1128 2675 de
1146 2639 1235 2688 quo
1256 2625 1388 2672 etiam
1407 2620 1641 2672 Albericus
1662 2620 1798 2673 trium
1820 2615 2020 2734 fontixpm

1770 2701 1930 2739 monac
1969 2697 2019 2735 us
