2263 3027
187 26 282 128 {393
534 60 687 114 car.
724 60 831 114 xx.
899 57 1107 113 RtTvs
1139 57 1339 122 vanu
1373 59 1778 117 NVPTtALES.

192 189 322 236 tium.
399 186 527 235 Idem
547 183 815 248 singularem
835 183 1186 234 dissertationem
1208 187 1263 234 de
1286 187 1382 234 iure
1403 188 1670 253 Principum
1688 186 2032 255 Prorestantium
2055 193 2139 242 cit-

192 273 241 305 ca
259 253 491 303 sollemnia
509 257 791 303 matrimonii
816 253 1110 303 Ecclesiastica
1135 256 1276 305 edidit
1299 256 1441 304 Halae
1474 264 1614 316 1718.

342 393 400 437 V.
434 393 505 437 De
526 390 813 446 muneribus,
852 389 1014 455 quibus
1040 392 1192 440 donati
1213 390 1313 439 sunt
1343 408 1498 440 recens
1526 393 1657 459 nupti
1684 390 1773 440 siue
1793 393 2018 461 -neogami,
2042 392 2149 442 vide

194 457 418 506 Buxtorfii
438 461 641 509 Lexieon
661 458 851 506 Rabbin.
873 477 971 524 pag.
992 476 1046 518 25
1061 477 1134 522 37.
1173 459 1459 524 Hesychium
1480 476 1526 509 ⁷th
1539 458 1762 526 Apostolii
1780 460 1992 526 prouerb.
2008 461 2148 512 ἔποὶυ·

198 537 298 579 λιοι,
320 529 386 575 Io.
409 528 612 592 Philippi
633 525 836 575 Pfeifferi
860 530 1140 591 antiquitates
1159 531 1351 576 Graecas
1372 537 1540 592 p.633.
1586 544 1629 576 et
1659 532 1722 577 lo,
1759 535 1875 592 Aug.
1914 531 2151 591 Groebelii
2244 530 2259 594 '¹

197 598 628 642 commentationem
653 596 706 642 de
731 597 863 642 donis
883 596 1180 659 nuptialibus,
1217 598 1263 643 in
1287 597 1511 645 Io.Gottl.
1530 598 1815 644 Ridermanni
1843 595 2012 644 seleffis
2023 594 2148 644 scho-

194 660 354 708 lasticis
376 663 468 708 vol.
485 667 516 708 I.
539 681 582 727 p,
607 679 717 724 751.
743 661 838 727 sqq.
913 663 1080 711 Aedem
1110 662 1336 728 publicam
1379 667 1547 728 nuptiis
1584 664 1858 712 celebrandis
1890 663 2149 711 destinatam

196 732 358 776 Graeci
377 731 597 777 vocabant
618 733 923 795 triuymphon
945 729 1033 779 siue
1058 733 1384 796 nymphaeum,
1405 749 1518 796 quae
1540 750 1632 778 vox
1656 734 1850 778 occurrit
1872 735 2004 779 etiam
2030 731 2150 796 apud.

196 798 408 844 Malalam
430 801 475 843 in
506 800 725 846 chronico
757 816 856 863 pag.
883 813 992 859 314.
1059 802 1129 846 De
1166 800 1500 863 Epithalamiis,
1538 800 1824 862 hymenaeis,
1861 797 2146 856 thalasiione‚
2184 858 2187 859 ⁷

196 863 397 912 versibus
418 863 711 920 fescenninis,
752 867 858 913 vide
881 883 991 929 quae
1014 869 1103 913 viri
1127 867 1250 914 dosii
1270 868 1326 914 ad
1357 868 1579 914 Catullum
1613 884 1655 915 et
1688 869 1784 914 Iani
1804 867 2043 914 Guilielmi
2063 870 2150 913 Ve-

199 931 399 979 rifimilia
419 937 474 981 Π.
507 951 578 991 ῐ9.
646 931 920 980 Brissonium
940 935 994 982 de
1025 931 1236 982 formulis
1267 935 1479 981 lib.VIl[.
1499 950 1609 994 719,
1634 933 1722 999 seq,
1788 931 1990 981 Pfeifferi
2020 935 2150 982 Anti-

200 1002 388 1063 quitates
404 1004 593 1048 Graecas
608 1018 704 1065 pag.
720 1011 777 1062 63
791 1017 829 1062 3.
843 1014 952 1062 639.
988 1003 1292 1049 Theodorum
1314 1003 1619 1048 Prodromum
1638 1005 1686 1048 in
1705 1004 1966 1048 amarantho
1987 1017 2095 1067 p.45
2109 1010 2150 1058 8.

195 1070 267 1114 De
289 1069 598 1131 Epithalamiis
619 1069 936 1115 Hebraeorum
973 1069 1247 1133 nuptialibus
1280 1071 1452 1134 prodiit
1478 1071 1803 1116 commentatio
1835 1071 1953 1116 Petri
1974 1070 2149 1122 Zornii‚

195 1136 456 1197 Hamburgi
491 1149 631 1198 1722.
652 1150 696 1197 4.
766 1137 893 1182 Idem
929 1152 1110 1200 quoque
1141 1137 1280 1183 edidit
1311 1135 1669 1185 dissertationem·
1699 1137 1753 1183 de
1783 1139 1968 1200 antiquo
2002 1138 2151 1198 aenig-

197 1218 373 1252 matum
395 1207 443 1250 in
472 1205 629 1250 coenis
657 1203 934 1269 nuptialibus
969 1203 1314 1262 Hebraeorum,
1352 1209 1634 1254 Graecorum
1663 1219 1706 1251 et
1726 1207 2037 1251 Romanorum
2070 1201 2152 1250 vsu
2208 1242 2211 1243 γ

202 1287 223 1318 1
237 1286 346 1331 724.
416 1271 556 1336 Apud
577 1274 806 1319 Romanos
827 1287 869 1319 et
890 1273 992 1320 alias
1022 1288 1174 1336 gentes
1194 1270 1378 1339 sponsae
1400 1272 1647 1338 obnuptae‚
1679 1274 1823 1336 iisque
1846 1272 2066 1337 praelatae
2087 1268 2150 1319 fa·

198 1355 284 1386 ces.
353 1339 474 1385 Vide
489 1342 753 1387 Petronium
775 1338 941 1387 Clarisl'.
964 1343 1209 1389 Burmanni
1238 1359 1336 1406 pag.
1353 1349 1428 1402 87.
1450 1349 1527 1398 88.
1564 1340 1607 1389 et
1637 1338 2038 1388 Benediffinorum
2071 1356 2154 1386 no·
2238 1354 2244 1359 ·

197 1420 262 1454 tas
281 1405 335 1453 ad
358 1409 397 1453 S.
411 1405 703 1456 Ambrosium
736 1424 865 1456 tomo
890 1427 930 1457 2.
960 1426 1004 1473 p.
1021 1418 1131 1473 844.
1196 1413 1270 1465 De
1297 1411 1480 1457 coronis
1508 1407 1806 1474 nuptialibus,
1843 1406 2073 1471 singularis
2098 1406 2154 1453 li·
2250 1428 2263 1434 ··

198 1474 281 1522 ber
302 1475 481 1523 Maderi
500 1473 662 1536 exstat,
696 1491 740 1524 et
759 1477 878 1524 idem
899 1494 1215 1540 argumentum
1238 1480 1382 1540 attigit
1403 1474 1650 1524 Paschalius
1673 1478 1720 1523 in
1746 1492 1886 1541 opere
1906 1476 2083 1522 erudito
2096 1474 2155 1521 de

200 1544 406 1598 coronis,
444 1543 762 1592 Rittershusius
794 1545 869 1592 lib.
887 1559 933 1596 2.
959 1543 1180 1593 sacrarum
1210 1544 1481 1594 Lestionum
1509 1562 1547 1592 c.
1566 1560 1611 1602 9.
1681 1548 1749 1592 Io.
1771 1543 1915 1591 Gottl.
1933 1540 2154 1591 Boffeckii

201 1609 563 1677 στεφανώματα
590 1610 739 1678 sponsi
763 1629 806 1660 et
828 1610 1025 1678 sponsae.
1048 1612 1222 1679 Lipsiae
1250 1629 1390 1673 1740,
1429 1628 1472 1661 et
1493 1616 1559 1660 Io.
1578 1612 1700 1660 Frid.
1720 1613 1902 1660 Hirtius
1933 1611 1990 1660 de
2023 1626 2154 1658 coro.

202 1681 272 1726 nis
302 1679 576 1747 nuptialibus
614 1683 734 1746 apud
772 1681 1021 1730 Hebraeos.
1056 1685 1187 1730 Ienae
1215 1691 1355 1744 1748.
1425 1684 1496 1729 De
1524 1681 1691 1729 annulo
1721 1679 1936 1746 pronubo
1972 1692 2154 1743 praeter

197 1748 559 1795 Kirchmannum
579 1764 624 1796 et
646 1750 756 1796 alios
783 1753 862 1814 qui
883 1751 939 1798 de
957 1751 1134 1799 annulis
1154 1747 1438 1815 scripserunt,
1459 1747 1670 1812 singulari
1688 1746 2003 1798 dissertatione,
2017 1760 2154 1808 quam

199 1812 332 1878 supra
362 1823 480 1879 985⁷
493 1833 530 1873 5.
566 1818 653 1863 iam
679 1818 980 1873 laudauimus,
1018 1821 1109 1882 egit
1141 1821 1297 1866 Petrus
1330 1817 1565 1865 Mullerus.
1643 1815 1762 1862 Vide
1795 1828 1839 1860 et
1869 1814 2153 1876 antiquitates

202 1885 393 1930 Graecas
413 1880 615 1930 Pfeifferi
639 1901 683 1948 p.
699 1889 809 1941 625.
830 1883 890 1949 sq.
914 1900 957 1932 et
976 1885 1337 1947 Lindebrogium
1357 1901 1459 1949 pag.
1481 1898 1616 1943 1355.
1649 1881 1701 1928 ad
1735 1881 1952 1928 Codicem
1974 1884 2154 1942 Legum

199 1951 508 2012 antiquarum,
544 1952 622 2013 qui
642 1948 822 2014 sponsas
839 1954 973 1999 etiam
996 1950 1166 2017 sponsis
1189 1952 1378 1998 annulos
1400 1947 1580 2003 misisse,
1614 1966 1669 1995 ex
1692 1946 1827 1995 Prisci
1850 1950 2073 2013 excerptis
2096 1947 2153 1995 de

198 2015 501 2079 legationibus
521 2014 736 2065 obseruat.
808 2021 877 2065 De
900 2018 1203 2068 oblationibus
1234 2017 1324 2064 siue
1353 2016 1616 2064 muneribus
1649 2015 1923 2080 nuptialibus
1954 2031 2153 2080 quorum

197 2085 290 2134 iam
310 2085 626 2143 meminimus,
655 2084 824 2150 poculo
847 2086 994 2132 vitreo
1017 2087 1128 2133 vino
1160 2085 1296 2150 pleno
1319 2086 1501 2149 eiusque
1519 2081 1836 2132 confr-afflone
1862 2098 1905 2131 et
1935 2082 2168 2133 similibus.
2262 2090 2263 2116 l

202 2152 365 2200 ritibus
395 2152 502 2199 vide
522 2156 572 2201 B.
593 2154 658 2198 Io.
678 2155 788 2199 Faes
819 2154 867 2200 in
889 2151 1089 2200 mantissa
1107 2153 1162 2200 ad
1188 2154 1501 2215 Dougtheium
1532 2154 1587 2200 de
1613 2150 1825 2200 calicibus
1854 2150 2154 2199 eucharisticis

202 2236 250 2286 p.
270 2235 288 2268 ι
303 2236 342 2281 3.
362 2217 426 2284 sq.
492 2223 563 2268 De
586 2220 912 2285 paranymphis
933 2222 1122 2269 Grotius
1151 2220 1205 2268 ad
1226 2222 1384 2268 Matth.
1400 2222 1472 2267 IX.
1490 2237 1509 2270 1
1523 2235 1564 2281 ς.
1600 2219 1681 2266 vbi
1705 2220 1838 2267 etiam
1872 2220 1929 2267 de
1947 2219 2153 2266 domidu-

204 2286 357 2336 fflone
374 2284 559 2352 sponsae
577 2287 632 2334 ad
653 2289 877 2335 maritum.
923 2327 925 2330 .
946 2291 1017 2335 De
1034 2288 1361 2354 Paranymphis
1382 2289 1502 2354 apud
1521 2287 1758 2336 Hebraeos
1777 2285 2045 2350 singularem
2065 2282 2150 2332 dis·
2212 2309 2215 2312 *
2256 2303 2260 2335 J

202 2353 492 2404 ferrationem
513 2355 655 2403 edidit
673 2356 796 2402 idem
827 2356 1031 2410 Hirtius,
1069 2359 1198 2405 lenae
1239 2365 1380 2418 1748.
1449 2360 1518 2404 De
1549 2357 1706 2403 vxoris
1740 2353 2149 2413 domumduffione

208 2423 317 2471 vide
336 2439 519 2487 quoque
531 2420 802 2472 Brisl’onium
823 2422 899 2471 lib.
912 2438 947 2470 1.
967 2425 1102 2489 antiq.
1123 2425 1234 2472 iuris
1261 2441 1354 2489 cap.
1374 2430 1445 2479 18.
1520 2428 1591 2471 De
1611 2440 1741 2471 more
1761 2420 1998 2489 spargendi
2018 2437 2156 2468 nuces
2254 2438 2257 2463 .=

205 2492 386 2538 Seruius
409 2490 453 2538 δε
474 2490 618 2539 Cerda
638 2491 694 2538 ad
717 2492 882 2553 Virgil.
903 2491 1057 2555 Eclog.
1076 2492 1200 2540 v111.
1223 2506 1296 2553 30.
1367 2494 1437 2540 De
1467 2493 1744 2540 ornamentis
1771 2488 1918 2557 sponsi
1949 2503 1993 2536 et
2023 2486 2155 2554 spon·
2251 2497 2255 2503 ⁴

203 2554 282 2604 sae,
294 2558 413 2622 apud
434 2574 608 2607 veteres
631 2557 736 2606 vide
757 2558 947 2606 Samuel.
967 2560 1197 2608 Gerlachii
1232 2573 1520 2623 commentat.
1553 2561 1696 2607 Halae
1726 2573 1864 2619 1734.
1936 2559 2007 2604 De
2035 2559 2154 2604 cine·
2252 2552 2254 2598 ἶ

206 2641 311 2672 rum
330 2626 449 2689 apud
472 2626 706 2675 Hebraeos
733 2623 815 2674 vsu
844 2628 1036 2691 nuptiali
1059 2642 1306 2676 comment.
1338 2626 1478 2675 Paulli
1506 2626 1691 2675 Theod.
1722 2625 1960 2690 Carpouii‚
1999 2622 2154 2671 Rosto-
2250 2670 2251 2674 ,

208 2693 469 2759 ehii1732
537 2697 606 2761 ΒΕ
637 2696 862 2747 conuiuiis
891 2679 1188 2762 nuptialibus,
1214 2695 1354 2767 plura¹
1374 2696 1495 2763 apud
1527 2694 1761 2747 Stuckium
1795 2692 1944 2744 videri
1970 2689 2157 2808 poffpigt-
2206 2714 2209 2717 ¹
2249 2700 2250 2703 ’
