2263 3027
648 92 1102 150 SACERDOTES
1179 93 1411 151 REGES.
1477 112 1479 115 ⁴
1904 95 2005 161 637

81 228 403 278 Restat-‘minum
424 223 500 273 lib.
519 239 559 286 5.
579 223 635 271 de
653 219 869 271 Pontifice
890 222 1097 268 Romano
1119 233 1266 283 cap.9.
1285 215 1360 267 sed
1380 222 1480 268 etB.
1493 216 1782 269 Gerhardum
1803 215 2005 266 nostrum

81 300 208 344 Loco
229 296 457 355 Theolog.
493 293 549 339 de
571 288 821 348 Ministerio
843 287 1008 344 Verbi,
1039 286 1066 352 ᾗ
1095 294 1199 345 318.
1236 289 1477 353 Praecipue
1503 287 1623 351 apud
1657 289 1886 335 Romanos
1915 286 2003 334 hoc

23 411 26 416 ,
55 360 257 428 ¹semper
277 360 558 409 obseruatum
582 355 709 406 fuiss'e
728 357 932 411 videtur,
964 369 1015 402 vt
1044 354 1181 402 iidem
1212 351 1340 416 sacris
1404 353 1616 405 raeeffent
1636 369 1679 403 et
1708 352 1913 419 auspiciis
1933 370 2005 402 au-

78 433 334 494 guriisque,
370 428 488 494 apud
519 443 629 491 quos
657 422 828 471 summa
860 438 953 470 erat
983 424 1030 468 in
1051 421 1278 487 republica
1307 372 1564 472 augoritas:
1598 423 1705 471 vide
1735 425 2004 469 Ciceronem

78 514 190 557 orat.
214 515 301 563 pro
323 498 461 544 domo
482 493 552 540 sua
571 494 625 540 ad
647 489 907 545 Pontifices,
943 507 1036 555 cap.
1065 507 1101 535 1.
1126 491 1233 538 hinc
1259 489 1471 556 deinceps
1504 491 2003 556 Imperatoresssqquue

77 567 275 613 Romani
294 565 432 611 iidem
451 558 687 609 Pontifices
706 560 916 613 maxim13
936 575 1036 605 nam
1058 572 1109 605 vt
1128 559 1218 605 Dio
1238 560 1356 604 LIII.
1380 573 1549 622 P·7¹2·
1582 577 1636 605 ex
1654 576 1716 617 eo,
1743 559 1857 620 quod
1875 561 2004 604 omni-

75 631 151 680 bus
167 634 421 695 sacerdotiis
448 632 700 693 inaugurati
716 627 842 688 fitnt,
889 630 936 678 ἐκ
965 628 1043 677 τοῦ
1074 630 1113 676 ἐν
1141 622 1322 678 micam
1350 633 1456 678 ταῖς
1482 623 1731 694 ἱερωσύναις
1759 624 2001 691 ἱεςῶσθωιι

77 703 372 766 Imperatores,
392 710 434 743 et
450 699 563 759 quod
578 696 679 741 alios
701 700 745 741 in
749 696 952 763 pleraque
961 695 1030 751 ilia
1041 695 1208 759 collegia
1224 693 1464 756 acffittfiunt,
1473 697 1721 760 semperque
1741 710 1846 742 vnus
1855 708 2003 739 eorum

77 766 150 815 vbi
167 771 248 815 duo
267 768 334 815 vel
345 779 437 812 tres
443 764 573 826 stmul
590 768 803 828 imperant
819 762 1052 809 maximum
1071 759 1369 823 Pontificatum
1384 767 1519 828 gerit,
1540 761 1720 821 hincfit,
1742 773 1793 808 vt
1817 765 2011 808 omnium·

8 851 12 855 ’
68 835 296 897 sacrorum
312 846 358 896 fi't
373 833 623 895 religionum
643 834 814 878 Domini
818 828 945 890 fiant.
1013 832 1118 876 Hoc
1139 829 1366 890 dignitatis
1389 846 1558 878 nomen
1577 845 1659 894 per
1678 829 1867 890 longum
1889 842 1999 876 tem-

73 920 158 968 pus
180 905 310 949 etiam
333 898 572 947 Christiani
592 895 790 945 Caesares
811 913 968 959 gerere
989 912 1081 943 non
1103 893 1373 948 recusarunt.
1411 900 1560 961 Qam
1583 899 1629 946 in
1649 913 1745 943 rem
1757 892 1916 944 confer
1935 897 2000 943 Io.

72 970 279 1018 Andreae
300 967 414 1016 Bosii
432 964 754 1013 differtationes
779 965 835 1011 de
859 961 1123 1012 pontificatu
1156 966 1354 1011 maximo
1377 965 1710 1028 Imperatorum
1731 960 2001 1010 Christiano«

72 1054 174 1085 rum
196 1040 288 1084 Ien.
312 1041 397 1093 165
409 1039 451 1088 6,
474 1050 515 1096 4.
539 1051 649 1097 quae
669 1030 843 1081 recusae
865 1031 965 1079 sunt
986 1036 1123 1079 Tom.
1143 1050 1182 1084 ς.
1206 1033 1489 1095 Antiquitatt.
1512 1032 2002 1079 RomanarumaGrae-

22 1141 33 1146 -
71 1107 148 1152 uio
171 1102 472 1152 coneum-um.
548 1105 601 1149 In
624 1102 695 1149 his
717 1117 872 1148 contra
898 1104 1114 1146 Ioannem
1136 1099 1362 1147 Pacidium
1381 1097 1470 1145 fiue
1494 1101 1573 1163 qui
1601 1096 1678 1145 sub
1702 1099 1789 1146 hoc
1811 1099 2000 1147 nomine

70 1171 229 1220 latebat
252 1169 461 1218 iacobum
483 1167 824 1217 Gothofredum
846 1170 945 1232 (qui
967 1170 1015 1214 in
1036 1166 1233 1232 Epistola
1251 1166 1305 1214 ad
1323 1168 1536 1223 Riuetum
1562 1162 1862 1214 deinterdista
1873 1165 2003 1214 Chri-

70 1238 314 1288 stianorum
333 1254 435 1284 cum
455 1236 697 1298 gentilibus
717 1238 1043 1286 communione
1065 1238 1211 1301 deque
1230 1232 1493 1299 pontificatu
1518 1236 1717 1282 maximo
1741 1228 1850 1281 num
1871 1234 2002 1282 Chri-

70 1305 198 1354 stiani
224 1309 521 1368 Imperatores
544 1319 645 1349 eum
666 1303 906 1365 aliquando
929 1301 1150 1363 gesserint,
1174 1317 1411 1361 negauerat
1437 1303 1526 1350 hoc
1547 1301 1598 1348 ab
1620 1302 1709 1348 illis
1721 1298 1888 1349 fugium
1901 1297 2000 1358 effe,

70 1374 141 1418 vti
164 1386 327 1433 negant
345 1372 478 1417 etiam
500 1371 722 1416 Antonius
742 1370 845 1430 Pagi
866 1369 919 1415 ad
944 1374 995 1415 A.
1019 1371 1065 1413 C.
1083 1383 1107 1431 3
1125 1381 1192 1415 12.
1218 1368 1246 1429 ᾗ
1272 1383 1288 1414 1
1302 1383 1343 1430 7.
1357 1365 1448 1432 sqq.
1471 1383 1514 1415 et
1535 1368 1860 1416 Tillemontius
1879 1371 1937 1413 T.
1953 1382 1999 1426 4.

70 1437 192 1487 Hist.
214 1443 421 1503 Imperat.
443 1453 538 1500 pag.
559 1433 749 1499 580sq.)
769 1433 947 1500 copiose
970 1433 1173 1487 ostendit,
1194 1449 1238 1481 et
1256 1436 1531 1498 argumentis
1551 1451 1643 1482 non
1665 1432 1914 1484 inficiandis
1926 1434 1999 1484 de·

69 1504 287 1554 monstrat
307 1504 486 1551 titulum
508 1502 735 1551 Pontificis
762 1505 945 1549 maximi
965 1504 1121 1566 vtique
1142 1499 1306 1564 geffiffe
1329 1506 1624 1568 Imperatores
1643 1504 1774 1551 etiam
1792 1500 2000 1550 Christia-

69 1590 169 1628 1108,
202 1588 454 1637 quanquam
480 1568 600 1617 sacra'
622 1572 797 1617 ethnica
827 1570 1221 1622 abominarentur,
1252 1567 1501 1633 falsumque
1528 1567 1613 1617 effe
1645 1570 1766 1632 quod
1787 1569 2000 1619 nonnulli

70 1640 275 1692 tradunt,
305 1641 353 1685 in
384 1636 597 1703 Episcopi
617 1639 806 1684 Romani
837 1639 1023 1698 gratiam
1055 1637 1144 1684 hoc
1163 1633 1206 1682 se
1227 1637 1414 1683 nomine
1443 1630 1699 1684 abstinuisse*
1713 1637 1997 1687 Gratianum.

67 1707 188 1755 Vide
210 1704 262 1753 fis
285 1707 417 1752 etiam
440 1709 552 1769 quae
571 1706 626 1751 de
643 1703 910 1751 Pontificatu
931 1705 1472 1768 maximoImperatorum
1497 1701 1662 1751 disserit
1686 1704 1844 1754 Ezech.
1862 1707 2000 1771 Span-

65 1777 245 1824 hemius
265 1775 312 1820 in
332 1773 557 1838 praeclaro
581 1789 720 1837 opere
741 1773 795 1819 de
816 1770 896 1818 vsu
918 1769 1237 1819 numismatum
1257 1775 1313 1817 T.
1331 1788 1371 1819 2.
1392 1789 1439 1836 p.
1462 1787 1552 1829 413
1579 1769 1673 1835 sqq.
1706 1787 1750 1819 et
1775 1773 1998 1819 Antonius

68 1860 156 1890 van
178 1841 288 1889 Dale
308 1838 399 1888 diff,
422 1858 466 1888 2.
489 1841 543 1887 ad
563 1836 861 1904 Antiquitates
879 1857 933 1886 ex
955 1838 1255 1887 marmoribus
1278 1838 1576 1893 illustrandas,
1612 1841 1691 1903 qui
1709 1837 1999 1889 tamen'Iusti-

70 1926 182 1958 num
206 1913 408 1972 Imperat.
433 1909 545 1956 male
562 1906 874 1955 Pontificatum
895 1909 1141 1955 maximum
1165 1904 1329 1969 geffiss'e
1350 1907 1523 1969 colligit
1547 1910 1727 1954 eveteri
1747 1904 1999 1973 inscriptio-

69 1994 142 2030 ne,
163 1977 211 2023 in
233 1991 322 2040 quo
345 1979 510 2025 Powr.
548 1978 695 2023 MAx.
717 1977 1040 2040 exponendum
1062 1979 1261 2024 Ponticus
1285 1978 1516 2022 Maximus.
1593 1975 1711 2024 Vide
1734 1973 1910 2024 Christi.
1935 1976 1995 2024 Si-

70 2047 200 2107 gism.
227 2042 372 2089 Liebii
393 2044 590 2090 Gotham
611 2046 874 2100 numarham,
891 2061 933 2108 p.
957 2054 1023 2096 26
1031 2059 1073 2106 3³.
1110 2047 1236 2092 Duos
1258 2041 1494 2091 Pontifices
1513 2044 1997 2108 maximoslmperato-

69 2129 140 2159 res
166 2111 327 2158 eodem
357 2125 564 2174 tempore
593 2112 804 2159 videntur
823 2109 1004 2159 suadere
1033 2106 1161 2159 numi
1182 2111 1428 2158 Commodi
1460 2108 1693 2175 superstite
1718 2115 1784 2160 M.
1808 2111 1995 2158 Aurelio

69 2177 172 2235 cufi,
190 2178 296 2224 vide
314 2192 462 2223 tamen
485 2194 595 2240 quae
618 2182 790 2225 notauit
811 2181 1058 2244 praeclarus
1079 2180 1404 2226 Tillemontius
1425 2183 1567 2225 Toni.
1590 2195 1630 2238 3.
1662 2178 1777 2226 Hist.
1800 2182 1996 2242 Impera-

72 2262 224 2293 torum
246 2261 350 2292 nota
370 2247 445 2292 XI.
465 2244 518 2290 ad
535 2240 672 2291 vitam
693 2249 881 2310 Septimi
900 2249 1069 2296 Seueri.
1107 2251 1178 2293 De
1195 2246 1348 2292 liberis
1375 2243 1678 2306 Augustorum
1703 2248 1921 2309 cooptatis
1945 2246 1994 2291 in

71 2312 358 2362 Sacerdotum
380 2312 590 2374 collegia,
610 2311 907 2369 Pontificum,
943 2321 1205 2376 Augurum,
1234 2310 1491 2359 conferatur
1510 2314 1673 2360 Ezech.
1695 2313 2008 2376 Spanhemius'

70 2384 208 2428 Tom.
228 2399 268 2429 2.
298 2380 352 2426 de
373 2376 453 2425 vsu
474 2376 790 2427 numismatum
811 2400 910 2446 pag.
938 2389 1043 2440 365.
1074 2396 1117 2428 et
1139 2393 1258 2441 422.
1278 2381 1411 2426 etiam
1434 2377 1563 2444 supra
1585 2396 1838 2434 numerum,
1869 2380 1998 2427 idem-

70 2465 119 2513 Ρ.
138 2456 242 2507 368-
279 2445 704 2507 Σεβαστοφοὶντης,
723 2450 1117 2513 Augustofizcerdos,
1137 2449 1333 2495 occurrit
1353 2447 1471 2512 apud
1495 2445 1743 2494 Reinefium
1769 2464 1868 2510 pag.
1877 2462 1934 2510 37
1946 2463 1998 2505 ς.»

71 2513 292 2577 syntagm.
321 2513 682 2580 Inscriptionum.
756 2516 1035 2582 Theophanes,
1065 2513 1441 2581 Archiepiscopus
1472 2512 1805 2563 PlescouieniiS.
1827 2512 2007 2582 d;{'qui-‘

72 2581 294 2642 sinonem.
308 2583 472 2648 quibus
494 2583 547 2630 de
567 2580 715 2630 cauffis
736 2597 780 2629 et
800 2600 889 2646 quo
907 2582 1032 2631 sensu
1044 2587 1342 2649 Imperatores
1353 2584 1546 2629 Romani
1566 2596 1653 2629 tam
1668 2583 1843 2629 Ethnici
1858 2598 2002 2649 quam.

69 2647 307 2696 Christiani
324 2652 535 2716 appellati
554 2648 723 2698 fuerint
743 2648 980 2698 Pontifices
1001 2651 1090 2702 flue
1102 2653 1335 2698 Archierei
1352 2651 1530 2714 gentilis
1543 2651 1774 2714 religionis
1787 2652 1808 2695 ἶ)
1825 2667 1869 2697 et
1882 2666 2000 2698 num

73 2714 344 2829 Chxpispanae
364 2719 597 2784 religionis
617 2717 782 2769 summi
804 2723 1079 2785 imperantes
1100 2719 1192 2766 dici
1213 2717 1377 2784 poffint
1386 2715 1602 2785 Episcopi
1622 2719 1924 2774 etArchiei·ez‚
1947 2732 1990 2764 et

56 2794 60 2796 ·
176 2797 203 2829 ο
224 2796 297 2837 ·2·
373 2839 375 2841 ,
950 2823 952 2826 >
984 2826 987 2827 ν
1036 2806 1041 2808 >
1149 2791 1186 2842 B
1390 2809 1394 2818 1
1895 2800 1988 2849 quo
