2263 3027
217 97 313 157 658
412 125 415 130 ·
747 88 898 143 CAP.
942 87 1073 142 xm.
1148 85 1239 139 DE
1276 82 1623 139 EPISCOPIS.

222 220 330 266 chae
351 211 647 264 Alexandrini
666 211 804 263 exstat
824 214 872 263 in
897 208 1167 260 collectione
1184 210 1472 273 liturgiarum
1483 206 1786 258 Orientalium
1797 206 1977 259 Eusebii
1986 211 2162 262 Reum·
2235 213 2248 219 ’

225 287 323 334 doti
344 287 404 332 T.
432 301 472 334 1.
496 299 537 347 p.
557 288 656 344 467
682 279 775 346 sqq.
798 284 877 346 qui
895 299 941 346 p.
968 295 1063 341 49¹
1091 277 1282 332 testatur,
1301 275 1345 325 se
1366 276 1531 327 iustum
1550 277 1606 326 de
1627 276 1992 328 ordinationibus
2011 276 2162 331 secun.

225 353 334 400 dum
373 348 656 416 disciplinam
697 349 999 400 Orientalium
1028 348 1405 397 commentarium
1434 360 1638 413 paratum
1668 343 1846 396 habere.
1923 346 2162 397 Ordinatio

221 421 498 472 Patriarchae
518 416 899 468 Nestorianorum
921 417 1010 478 legi
1028 414 1173 482 potest
1200 414 1320 480 apud
1350 411 1670 463 Affemannum
1709 415 1767 460 T.
1807 428 1848 477 3.
1876 430 2003 478 parte
2033 428 2078 466 2.
2100 415 2169 463 Bt.

224 488 384 535 blioth.
406 486 622 535 Oriental.
643 504 686 552 p.
713 494 811 548 667
831 483 891 553 sq.
914 492 1010 546 678
1033 482 1094 548 sq.
1115 481 1330 550 Episcopi
1355 499 1401 549 p.
1425 489 1525 544 684
1543 479 1603 545 sq.
1629 487 1731 539 690
1751 477 1815 546 sq·
1837 496 1951 547 702.
1971 483 2167 533 aliorum

222 555 515 605 Clericorum
541 572 585 618 p.
607 562 703 612 788
724 551 817 621 sqq.
886 550 1057 603 Elefflo
1090 569 1134 616 p.
1156 559 1251 610 643
1274 548 1366 614 sqq.
1434 549 1510 599 De
1541 552 1631 596 ritu
1665 549 1802 598 dandi
1829 550 2169 615 presbyterium

222 628 386 687 Papae,
425 622 736 671 Cardinalibus
768 637 810 668 et
842 620 1036 671 Clericis
1077 619 1396 665 nonnullarum
1432 615 1712 665 ecclesiarum
1746 616 1872 664 vrbis
1899 616 2168 681 singularem

224 689 576 739 dissertationem
597 694 750 737 Petrus
774 692 1002 741 Moretus‚
1037 687 1300 737 Canonieus
1323 684 1521 735 Basilicae
1551 687 1594 735 S.
1620 686 1790 731 Mariae
1821 700 1941 733 trans
1955 685 2169 733 Tiberim

206 759 454 820 euulguust
484 762 654 805 Romae
686 774 770 818 ¹74
784 777 819 808 ι.
843 775 887 814 4.
959 755 1182 806 Ceterum
1202 753 1450 800 notandum
1471 751 1555 809 est,
1588 754 1844 803 Ger-ardum
1859 751 2170 804 Nicosiensem

225 829 430 891 primum
452 832 504 875 A.
535 845 550 872 1
564 835 675 881 208..
695 823 739 873 se
761 822 1116 890 appellaffesbdis
1137 823 1370 888 apostolicae
1382 826 1538 885 gratia
1559 820 1794 886 Epistopum
1805 839 1821 877 5
1852 822 1955 868 alios
1966 826 2049 871 Dei
2059 838 2167 887 gra-

224 899 290 940 tia
308 896 374 941 vel
391 894 670 955 mifi’ratione.
740 894 859 941 Vide
876 890 1033 941 Traite
1053 892 1108 938 de
1134 886 1379 941 l'austoritc‘:
1401 889 1461 938 du
1483 893 1600 954 Pape
1620 892 1678 935 T.
1700 903 1740 937 2.
1766 906 1813 953 p.
1846 905 1925 951 43.
1980 890 2169 939 Leidra-

227 963 310 1009 dus
331 958 604 1025 Archiepisc.
628 961 682 1006 ad
704 960 919 1025 Carnium
941 963 1007 1009 M.
1029 963 1190 1006 Dinimz
1224 956 1578 1024 dispensationem*
1608 957 1745 1018 vestra
1770 955 2038 1018 misercitione
2065 959 2171 1023 Lug·
2245 999 2247 1001 ,

223 1031 409 1092 firmensis
432 1029 622 1094 Ecclesiae
644 1028 870 1094 Epiftopus,
936 1027 1054 1073 Vide
1074 1025 1397 1073 Mabillom'um
1419 1027 1478 1072 T,
1504 1041 1544 1085 3.
1575 1023 1830 1073 Analefiffir.
1862 1044 1905 1091 p.
1938 1034 2016 1081 28.
2066 1025 2170 1073 Ful-

224 1095 378 1144 bettus
400 1094 681 1145 Carnotenfis
703 1093 899 1158 Epistola
919 1110 962 1156 4.
991 1098 1169 1142 Domino
1177 1092 1256 1153 sico
1281 1091 1466 1139 Roberto
1493 1095 1601 1156 Regi
1620 1090 1897 1157 ,benigniſjimo
1934 1097 2017 1141 Dei
2046 1094 2173 1154 etfiu'

217 1170 375 1232 gratia
394 1165 639 1224 Carnotenst
654 1163 854 1228 Epifivpo.
875 1164 933 1209 T.
965 1165 1037 1219 18.
1068 1159 1180 1207 Bibl.
1214 1162 1326 1204 Patr.
1361 1175 1407 1222 p,
1432 1172 1477 1216 7.
1548 1162 1618 1204 De
1645 1156 1804 1217 baculo
1838 1160 2044 1226 pastorali
2081 1159 2173 1209 siue

224 1233 346 1298 pedo
369 1228 582 1296 Episcopi
606 1229 811 1291 Cangius
836 1225 1024 1278 Gloffar.
1057 1230 1106 1276 in
1137 1224 1409 1293 πατερικόν,
1449 1227 1594 1278 Macri
1620 1221 1780 1276 fratres
1803 1229 1852 1278 in
1873 1230 2171 1278 Hierolexico

224 1317 339 1347 voce
363 1296 544 1346 baculus
569 1313 611 1344 et
630 1314 673 1363 p.
701 1306 812 1358 387.
835 1295 916 1347 vbi
945 1297 1049 1344 icon
1078 1294 1243 1344 Gelafii
1278 1298 1308 1340 I.
1336 1298 1477 1358 Papae
1507 1310 1612 1345 curn
1645 1292 1821 1345 baculo.
1892 1296 2173 1344 Meibomius

223 1371 283 1416 T.
311 1383 350 1428 3.
370 1383 524 1414 rerum
545 1367 919 1414 Germanicarum
943 1383 952 1410 :
999 1365 1066 1413 lo,
1102 1361 1365 1413 Ciambinus
1394 1364 1442 1408 in
1470 1359 1565 1417 diss',
1596 1362 1825 1413 Historica
1853 1380 1910 1413 an
1942 1368 2173 1415 Romanus

222 1433 435 1483 Pontifex
466 1434 624 1481 baculo
654 1431 862 1498 pastorali
891 1448 1062 1488 Vtatur,
1096 1435 1231 1482 Rom.
1259 1438 1399 1490 1690.
1418 1446 1464 1496 4.
1538 1434 1662 1478 Ioan.
1693 1430 1896 1479 Andreas
1917 1433 2173 1482 Schmidius

227 1506 276 1550 in
299 1501 504 1551 dissertat.
527 1502 582 1549 de
611 1501 768 1548 baculo
796 1499 1014 1566 pastorali.
1036 1498 1284 1550 Helmstad.
1311 1507 1452 1560 1697.
1473 1514 1516 1549 et
1536 1497 1709 1546 Tobias
1729 1499 1993 1550 Eckhardus
2016 1501 2078 1547 'de
2097 1516 2174 1566 pe·

229 1571 289 1618 do
304 1568 581 1635 {Episcopali
618 1570 848 1616 Goslariae
878 1584 1015 1629 1734.
1095 1572 1166 1619 De
1204 1566 1370 1614 annulo
1416 1565 1624 1630 pastorali
1650 1567 1770 1618 idem
1801 1569 2058 1618 Schmidius
2092 1565 2176 1619 dis-

225 1637 513 1686 sertationem
536 1637 676 1686 edidit
698 1634 966 1686 Helmstadii
990 1651 1132 1700 1705.
1201 1639 1272 1684 De
1296 1636 1394 1683 iure
1410 1632 1747 1700 Episcoporum
1768 1635 2043 1687 itr'ecclefias
2069 1638 2176 1685 ciui-

227 1721 367 1753 tatum
396 1702 648 1755 dioeceseos
679 1702 776 1751 suae
805 1704 1011 1752 videatur
1041 1708 1161 1753 Ioan.
1189 1703 1437 1752 Frontonis
1456 1701 1656 1766 Epistola
1685 1701 1854 1748 Parisiis
1878 1708 2018 1759 165'9.
2095 1705 2172 1749 Du

226 1775 309 1820 Pin
341 1777 400 1821 T.
427 1788 498 1832 1-7.
526 1790 575 1837 p.
597 1787 707 1834 277.
735 1770 798 1836 sq.
867 1776 1034 1822 Contra
1067 1768 1250 1819 abusum
1279 1770 1626 1832 exemptionum
1651 1765 1811 1817 Traite
1842 1768 1898 1815 de
1935 1769 2175 1816 1²Autorite
2200 1803 2203 1805 >

228 1840 289 1887 du
311 1844 427 1903 Pape
446 1843 503 1885 T.
528 1853 571 1888 2.
591 1857 634 1904 p.
658 1855 724 1901 94
745 1837 839 1905 sqq.
908 1844 977 1887 De
1009 1836 1146 1888 abusu
1171 1832 1596 1899 exspefilmntiarurm
1631 1834 1738 1883 ibid.
1768 1851 1813 1900 p.
1848 1839 1940 1895 169
1971 1833 2033 1900 sq.
2103 1840 2176 1885 De

227 1906 509 1972 depositione
529 1904 862 1971 Episcoporum
888 1922 932 1954 et
951 1903 1301 1955 accusationibus
1328 1899 1536 1949 aduersus
1567 1918 1646 1949 eos
1679 1901 1775 1949 non
1808 1900 1939 1951 facile
1968 1902 2173 1960 admissis,

227 1977 319 2037 agit
339 1978 495 2021 Petrus
518 1973 573 2023 de
596 1976 748 2020 Marca
771 1977 818 2020 in
840 1984 978 2039 o'pere
1000 1973 1055 2020 de
1075 1970 1317 2019 concordia
1338 1971 1584 2019 Sacerdotii
1616 1986 1659 2016 et
1689 1972 1880 2033 Imperii
1909 1968 1987 2017 lib.
2011 1975 2044 2018 6
2064 1987 2107 2019 et
2131 1988 2173 2034 7.
2244 1988 2246 1990 ’

228 2047 503 2106 Quanquam
529 2057 642 2087 vero
673 2038 887 2105 Episcopi
922 2058 976 2088 ex
1010 2039 1286 2103 Presbyteris
1313 2053 1356 2084 et
1375 2039 1586 2084 Diaconis
1628 2038 1807 2099 legendi
1829 2036 1988 2096 essent,
2023 2055 2173 2089 tamen

229 2127 327 2159 non
347 2107 504 2157 desunt
520 2108 729 2172 exempla
747 2105 1078 2174 Episcoporum
1100 2125 1154 2155 ex
1178 2107 1320 2153 Laicis
1339 2106 1393 2152 ad
1413 2107 1535 2156 illam
1559 2106 1822 2167 dignitatem
1845 2123 1928 2171 per
1947 2105 2105 2156 saltum
2122 2123 2176 2156 vt

228 2178 479 2243 loquuntur
509 2174 796 2230 euefi’corum‚
835 2176 987 2240 quales
1016 2174 1117 2222 sunt
1145 2172 1428 2230 Ambrosius,
1463 2172 1725 2228 NeffiariuS,
1765 2173 2000 2228 Tarasius,
2037 2178 2174 2224 Nice«
2260 2177 2263 2231 j

227 2247 430 2312 phorus‚
463 2246 649 2292 Photius
672 2244 836 2308 aliique
861 2244 981 2309 apud
1007 2249 1210 2291 Leonem
1232 2243 1445 2290 Allatium
1466 2260 1511 2309 p.
1535 2238 1647 2299 ι169.
1674 2243 1779 2288 libri
1794 2243 1858 2292 -de
1878 2257 2014 2291 aetate
2035 2258 2081 2290 et
2110 2246 2174 2292 in-

228 2313 427 2363 terstitiis
452 2314 670 2359 >ordinum
691 2312 809 2376 apud
829 2315 1040 2361 Graecos,
1111 2314 1199 2359 His
1220 2311 1353 2360 addes
1373 2308 1600 2358 Talaffum
1631 2310 1687 2357 de
1717 2327 1809 2374 quo
1838 2313 2038 2359 Socrates
2070 2315 2173 2359 VH.

227 2391 308 2443 48.
330 2397 373 2430 et
393 2398 505 2446 quae
528 2381 790 2427 Valerianus
811 2383 846 2426 F
850 2381 1070 2442 lauingius
1093 2381 1140 2426 in
1170 2380 1379 2443 vindiciis
1411 2379 1467 2426 ad
1498 2377 1639 2425 thesin
1665 2376 1962 2427 Cleuesianam
1991 2378 2050 2425 de
2070 2381 2173 2444 Epi-
2258 2383 2259 2390 ’

228 2448 439 2514 scopatu,
475 2449 531 2495 de
551 2463 641 2512 quo
662 2447 782 2495 libro
805 2449 922 2496 Elias
933 2448 1002 2508 gdu
1024 2450 1105 2495 Pin
1131 2463 1242 2496 tom.
1263 2451 1429 2496 XVIII.
1452 2447 1566 2495 Bibl.
1589 2444 1860 2512 scriptorum
1888 2443 2050 2493 Eccles,
2070 2464 2176 2511 pag.

233 2531 344 2565 102.
414 2519 482 2575 De
518 2515 884 2563 translationibus
915 2513 1249 2582 Episcoporum
1279 2515 1332 2564 ab
1362 2522 1452 2563 Vna
1483 2513 1586 2562 sede
1618 2516 1667 2562 in
1694 2508 1822 2562 aliam
1843 2512 2081 2561 Ecclesiam
2100 2515 2186 2562 ab·v
2255 2543 2263 2559 1¹

231 2585 402 2631 eundus
425 2584 793 2646 laudatiZiegleri
819 2584 996 2632 libellus
1023 2584 1081 2631 de
1106 2585 1284 2632 Clerico
1313 2586 1552 2636 renitente.
1628 2586 1750 2630 Ioan.
1782 2582 1922 2630 Andr.
1955 2583 2173 2631 Schmidii
2252 2578 2256 2612 ν’

231 2648 474 2697 dissertatio
505 2653 561 2698 de
590 2652 953 2700 translationibus
981 2649 1312 2718 Episcoporum
1331 2687 1342 2706 ,
1377 2652 1752 2716 Presbyterorum
1780 2664 1824 2695 et
1850 2651 2173 2697 Diaconorum.
2251 2652 2254 2701 f

226 2715 475 2768 Helmstad.
505 2732 631 2780 1702
659 2735 702 2769 et
723 2723 846 2770 Ioan.
873 2723 1043 2786 Georg.
1065 2717 1532 2787 Walchiitdiss‘ertatio
1563 2718 1618 2774 de
1654 2716 2016 2833 translationibqis
2041 2719 2173 2766 mini-
2249 2750 2252 2780 3

2013 2802 2201 2835 rorum,
2248 2801 2252 2830 ἓ
