2263 3027
700 77 796 132 DE
841 74 1096 129 ‘SACRA
1167 75 1431 130 COENA.
1935 91 2028 144 569

101 196 242 271 1640.
266 206 426 266 editus,
452 207 649 253 Da'Haeus
666 202 745 251 lib.
762 195 870 264 329.
890 201 946 267 de
964 200 1155 248 cultibus
1174 200 1389 264 religiosis
1409 201 1675 250 Latinorum
1689 236 1700 257 ,
1721 200 1923 252 Claudius
1943 203 2030 251 Sal-

93 278 243 338 masius
262 277 309 321 in
330 275 448 321 libro
474 275 527 321 de
548 269 1027 320 transsubstantiatione
1047 285 1089 316 et
1122 272 1171 316 in
1193 269 1312 316 libro
1342 270 1480 317 altero
1513 268 1541 316 s.
1564 269 1746 335 epistola
1777 271 1831 318 ad
1858 272 2027 319 Iulium

92 346 273 391 Pacium
297 343 352 389 de
372 342 586 404 Hugonis
607 340 759 388 Grotii
785 351 895 384 voto
918 354 1003 402 pro
1025 354 1145 402 pace,
1167 354 1279 402 quos
1291 353 1506 402 vtrosque
1525 336 1601 384 sub
1623 339 1791 386 laruato
1804 339 2027 404 Simplicii

92 412 254 458 Verini
276 412 461 457 nomine
486 408 698 470 vulgauit.
735 405 987 455 Matthaeus
998 408 1302 468 Larroquanus
1323 409 1368 452 in
1381 405 1579 453 Historia
1595 405 1905 463 Eucharistiae,
1923 406 2027 455 Gal·

92 479 176 526 lice
198 478 315 525 edita
335 475 475 524 Amst,
497 484 641 534 1671,
670 481 712 529 8.
736 490 847 537 quae
869 470 1056 520 secunda
1084 473 1222 520 editio
1244 474 1407 520 melior
1427 472 1488 520 est
1509 490 1551 521 et
1563 473 1821 536 castigatior,
1841 492 2024 522 nomen·

89 562 178 609 que
200 544 395 592 austeris
415 540 663 609 prae-fixum
691 540 860 588 habens
883 542 1005 604 quod
1026 543 1072 587 in
1094 542 1250 605 priore
1274 541 1556 588 desideratur.
1631 545 1667 590 E
1691 545 1918 589 Romanae
1946 545 2023 589 Ec·

91 611 242 660 «lesi-ae
263 606 522 659 doctoribus
546 608 743 672 denique
767 609 951 675 Iostphns
974 613 1202 657 Vicecomes
1224 608 1279 655 de
1300 611 1492 673 antiquis
1513 607 1667 657 Miffae
1686 609 1847 657 ritibus
1876 626 1920 657 et
1949 627 2023 674 ap·

89 697 257 746 paratu,
279 693 309 729 2·
331 679 432 726 Vol.
458 677 704 723 Mediolan.
729 687 860 727 1620
891 693 935 723 et
961 672 1089 726 1626
1102 711 1113 734 ‚
1137 693 1183 733 4.
1233 677 1474 743 Theophilus
1502 679 1760 741 qunaudus
1785 682 1942 725 Tomo
1973 684 2022 731 6.

89 752 213 812 Opp.
234 749 311 811 qui
326 748 446 793 inter
466 745 548 791 alia
573 742 745 791 miffam
768 762 855 809 pro
878 741 1103 791 defunffls
1127 746 1267 792 veteri
1291 744 1503 792 Ecclesiae
1522 747 1740 808 ignotam,
1762 761 1805 792 et
1816 761 2022 792 mortuos

88 816 204 862 nihil
223 817 374 861 iuuare
394 809 608 877 disputat:
624 815 864 859 Edmundus
885 811 1091 860 Martene
1111 812 1167 859 de
1187 812 1346 860 ritibus
1364 811 1525 861 Eccles.
1548 813 1624 864 lib.
1650 830 1685 860 1.
1723 812 1894 860 Gabriel
1903 811 2020 860 Alba-

76 883 273 948 spinaeus
292 883 339 927 in
360 879 761 943 Obseruationibus
781 878 1086 926 Ecclefiasticis
1106 880 1226 926 libro
1258 896 1294 926 1.
1327 896 1370 926 et
1391 882 1437 925 in
1462 877 1627 944 scripto
1650 881 1826 927 Gallico
1848 882 1898 926 de
1919 881 2021 927 l'anss

85 955 225 995 cienne
254 949 392 996 Police
409 951 459 995 de
477 948 726 1014 I'Eglzstfitr
745 948 1114 1011 l’adminzstration
1135 950 1184 994 de
1201 947 1498 1010 l’Eucharistie.
1534 951 1690 994 Fronto
1702 951 1894 994 Ducaeus
1913 964 2021 995 con-

83 1031 149 1063 tra
170 1020 455 1073 Mornaeum,
472 1020 693 1063 Perronus
708 1034 731 1062 a
752 1017 978 1064 Michaele
997 1020 1032 1063 F
1036 1017 1233 1063 auchero
1251 1031 1554 1081 oppugnatus.
1598 1015 1681 1063 Iac.
1702 1016 1919 1069 Bolducus,
1943 1018 2021 1062 Ca·

82 1087 286 1149 pucinus,
308 1086 504 1131 deinitio
527 1100 570 1130 et
589 1082 823 1149 progressu
840 1083 1139 1131 Eucharistiae
1156 1083 1246 1131 fiue
1268 1082 1467 1130 sacrificii
1492 1084 1621 1148 panis
1635 1081 1924 1129 Eucharistici
1937 1099 2021 1147 per

84 1168 230 1199 totum
251 1152 427 1209 orbem,
449 1152 593 1213 Lugd.
625 1163 843 1215 1640y4.
881 1155 1009 1199 Inter
1031 1168 1206 1199 veteres
1237 1149 1357 1216 ipsos
1384 1151 1571 1198 videndi
1600 1152 1797 1198 maxime
1828 1148 2020 1197 Iustinus

83 1222 265 1282 Martyr
287 1220 484 1283 Apolog.
511 1238 553 1265 ι.
569 1236 612 1283 p.
639 1229 715 1275 98.
736 1237 785 1266 ac
805 1220 1007 1282 Cyrillus·
1025 1217 1255 1268 Hierosol.
1288 1218 1510 1266 Catechefi
1530 1217 1795 1283 ‚mystagog‚
1812 1220 1878 1265 IV
1898 1232 1942 1266 et
1962 1221 2019 1265 V.

85 1289 215 1333 Circa-
232 1284 494 1332 sententiam
519 1301 561 1333 et
583 1288 692 1331 ritus
717 1289 1021 1332 recentiorum
1046 1285 1340 1332 Ecclefiarum
1353 1287 1657 1344 orientalium,
1681 1289 1878 1333 Graecae
1894 1301 2020 1350 prae⁴

84 1354 229 1415 cipue,
254 1349 522 1399 consulenda
544 1349 643 1397 sunt
663 1350 846 1415 scripta,
877 1369 988 1415 quae
1007 1354 1056 1397 in
1083 1360 1315 1415 Vtramque
1334 1367 1511 1417 partem
1532 1353 1652 1399 edita
1679 1350 1780 1399 sunt
1808 1351 1861 1399 ab
1890 1353 2019 1399 annis

85 1420 261 1465 circiter
283 1419 572 1483 quadraginta
596 1436 620 1465 a
643 1417 889 1465 Pontificiis
903 1453 913 1472 ‚
941 1421 1121 1465 Antonio
1140 1420 1341 1476 Arnald0‚
1363 1420 1537 1474 Nicolio,
1558 1421 1725 1474 Allatio,
1744 1420 1924 1482 Nihusto,
1943 1422 2019 1466 Pe·

81 1498 156 1531 tro
179 1489 362 1532 Arcadio
385 1489 567 1550 eiusque
588 1484 838 1532 aduersario
861 1487 919 1536 lo.
943 1487 1130 1551 Baptzsta
1149 1487 1665 1550 CatumffltrtQRichardo
1688 1490 1876 1543 Simone,
1897 1487 2017 1549 Eust-

80 1551 146 1598 bio
165 1556 425 1607 Renaudoto‚
444 1555 650 1617 aliisque:
671 1570 713 1600 et
735 1571 756 1599 a
776 1551 1130 1599 Protestantibus·
1147 1555 1259 1601 Ioan.
1289 1555 1465 1601 Claudio
1493 1557 1596 1617 (qui
1633 1571 1748 1618 opus
1772 1555 1828 1601 de
1846 1571 2016 1619 perpe-

79 1621 240 1667 mirate·
257 1619 365 1667 fidei
381 1621 599 1668 Ecclesiae
617 1621 871 1667 Catholicae
904 1622 1018 1667 circa
1037 1619 1359 1666 Eucharistiam
1391 1621 1563 1668 Gallica-
1593 1638 1679 1685 qua
1708 1619 1924 1685 scriptum
1954 1621 2017 1669 est

78 1687 229 1748 lingua
251 1689 424 1752 erudite
445 1690 750 1753 oppugnauit)
770 1705 793 1734 a
814 1689 929 1736 loun.
949 1689 1088 1736 Henr.
1101 1692 1374 1754 Hottingero,
1394 1690 1486 1736 Elia
1500 1690 1642 1743 Veilio,
1670 1688 1826 1735 Thomu
1837 1689 2015 1746 Smitho‚

77 1754 195 1803 Ioan.
219 1758 418 1819 Aymonio
441 1771 522 1803 etc.
551 1771 608 1801 vt
626 1750 831 1802 omittam
857 1754 1105 1803 Cortesium
1127 1760 1315 1803 Eranam
1346 1760 1634 1804 Maracaeum.
1662 1757 1722 1804 de
1746 1760 1943 1805 Graecae
1969 1773 2014 1805 et

76 1823 264 1869 Latinae
280 1821 435 1870 Misfae
457 1821 687 1882 consensu,
706 1824 881 1870 editum-
900 1824 1097 1889 Neapoli
1126 1827 1272 1885 1603,
1299 1832 1341 1880 8.
1447 1869 1451 1870 ⁷

215 1889 445 1936 Christum
462 1889 612 1956 ipsum·
631 1892 685 1938 de
706 1891 977 1938 Eucharistia
1000 1890 1289 1956 participasse,
1312 1910 1358 1940 ac
1379 1893 1559 1958 depane
1573 1907 1616 1940 et
1634 1894 1747 1939 vino
1768 1890 1867 1958 post
1878 1892 2018 1940 hene--

81 1953 332 2004 diffitionem
349 1956 589 2006 comediffe
607 1977 654 2007 ac
677 1957 846 2013 bibisse,
869 1962 1102 2007 contendit
1123 1962 1335 2027 Philippus
1348 1961 1520 2009 Ioannes
1533 1961 1770 2010 Schenckin
1783 1961 2017 2008 oblatione·

77 2021 166 2070 flue
186 2027 512 2073 common-ione
526 2028 715 2091 eiusque
729 2029 955 2093 Apologia
978 2044 1131 2075 contra
1153 2032 1368 2075 Ioannem
1391 2032 1501 2076 Facis
1521 2028 1597 2079 τέν
1627 2032 1904 2094 μοικαρίὲτῃν,
1934 2032 2009 2074 Pa·

77 2088 247 2139 storem·
275 2091 495 2140 Stadenfia
516 2095 756 2150 Ecciefiae,.
784 2094 974 2143 suadens>
997 2098 1317 2151 vehementer,
1348 2112 1400 2143 vt
1427 2094 1672 2143 sacerdotes
1704 2094 2009 2144 consecrantes

76 2159 211 2206 etiam
228 2159 309 2224 ipsi
329 2161 378 2201 381
399 2164 754 2220 communicent,
769 2181 915 2228 nequ-e
934 2183 959 2212 a
973 2166 1322 2229 participatione
1336 2163 1634 2210 Eucharistiae
1652 2181 1784 2227 quam
1806 2165 1900 2210 aliis
1921 2165 2008 2208 im-

77 2230 281 2290 pertiunt
302 2225 555 2275 abstineant.
582 2232 821 2295 Marpurgt
837 2241 977 2292 1695,
1004 2241 1054 2288 8.
1088 2236 1175 2278 Pro
1197 2233 1420 2278 contraria
1439 2228 1653 2278 sententia·
1675 2232 1897 2278 videndus
1917 2231 2007 2276 lau-

77 2295 328 2343 datus-Fae&
351 2298 396 2342 in
422 2294 598 2342 Christo
619 2298 867 2353 incoenat0‚
890 2305 1036 2348 Brem.
1069 2303 1209 2358 1693,
1234 2308 1275 2352 8.
1314 2302 1391 2344 De·
1410 2315 1479 2353 eo,
1500 2313 1652 2345 vtrum
1674 2298 1753 2344 fibi
1774 2298 1853 2362 ipfi
1875 2295 2006 2362 poffit

42 2406 51 2409 ,
76 2363 290 2411 exhibere
313 2368 352 2410 S.
374 2368 572 2411 Coenam
593 2361 794 2412 sacerdos
811 2367 922 2414 vide
937 2368 1193 2414 Rei-itiones
1212 2367 1419 2412 innoxias
1438 2371 1490 2413 A.
1521 2382 1656 2421 ¹720-
1677 2383 1774 2430 pag.
1788 2380 1887 2427 904
1908 2362 2002 2429 sqq,
2034 2421 2043 2431 ι

206 2435 281 2478 Ius
302 2429 593 2479 consecrandi,
609 2434 751 2479 Laicis
776 2436 910 2481 etiarn
931 2435 1331 2497 tribuitRigalti'us
1348 2437 1394 2481 in
1426 2432 1579 2480 libello
1614 2435 1754 2479 rarius
1776 2432 1913 2479 obuio
1944 2434 2001 2480 de

73 2512 173 2560 quo>
188 2501 316 2547 Rich.
337 2504 494 2562 Simon
527 2503 584 2546 T.
615 2517 649 2548 1.
681 2499 815 2564 Epist.
849 2499 995 2554 selest.
1018 2521 1057 2561 3.
1091 2504 1279 2551 Grotius
1298 2505 1343 2548 in
1368 2499 1666 2548 dissertatione
1694 2498 1785 2548 fine
1813 2501 2006 2548 nomine*

76 2565 195 2613 edita
223 2567 283 2615 d'e
309 2585 479 2618 coenae·
501 2567 887 2617 administratione
910 2569 993 2617 vbi,
1008 2570 1209 2618 Pastores-
1226 2587 1318 2615 non
1337 2567 1458 2624 sunt,
1490 2583 1534 2617 et
1562 2566 1708 2615 Iustus
1725 2570 1999 2630 Henningus

1124 2643 1155 2686 B
1169 2639 1195 2684 b
1231 2637 1257 2683 b
1272 2636 1300 2682 b
1344 2653 1367 2698 3
1579 2634 1591 2639 ’
1630 2636 1638 2643 ‘
1856 2636 2001 2683 Boch-

130 2720 174 2753 ³⁸³
199 2723 255 2765 Sic
276 2725 417 2769 Romae
432 2727 529 2769 olim·
545 2737 742 2783 receptum·
766 2724 830 2769 vsu
850 2736 962 2769 notat
975 2699 1087 2769 Edm.
1108 2727 1283 2766 Martene
1304 2724 1414 2768 libs.
1435 2722 1484 2764 de
1501 2724 1664 2779 antiquis
1674 2721 1855 2765 Ecclefiae
1864 2722 1998 2766 ritibus

71 2790 107 2832 P·
127 2790 222 2833 419·
1430 2801 1435 2802 ⁷
