2263 3027
739 144 742 147 ,
781 92 877 146 ΕΤ
908 91 1304 151 M1L1TARES.
1323 133 1326 137 -
1913 106 2009 161 865

76 237 193 272 rum.
265 220 447 287 Derstzgo
466 220 698 268 Ferrarius
716 219 772 267 de
793 235 841 266 re
861 217 1062 266 vestiaria
1080 222 1139 274 11,
1167 236 1184 265 1
1199 234 1240 279 3,
1264 226 1306 275 3.
1326 215 1391 283 sq.
1458 203 1534 268 ‘'De
1549 214 1845 287 ‘paludamento
1867 221 2017 284 Impe-

78 289 239 337 ratoris
260 288 434 354 Lipsius
456 290 507 335 de
529 289 686 335 militia
714 291 914 334 Romana
945 302 1017 341 11,
1040 301 1111 335 12.
1182 290 1251 351 De
1284 284 1539 335 discrimine
1575 289 1694 338 inter
1720 285 1898 350 sagum,
1944 304 2019 351 pa-

76 357 387 404 ludamentum
410 371 453 403 et
489 355 774 418 chlamydem
805 355 911 400 vide
941 357 973 399 Ι.
994 357 1044 403 Ε.
1062 359 1094 400 l.
1118 355 1370 401 Walchium
1400 354 1451 401 ad
1482 353 1662 402 Cellarii
1691 354 2018 419 compendium

77 425 280 487 antiquit.
310 427 440 470 Rom.
473 437 693 489 pag.5·49.
712 436 808 468 not.
833 423 896 481 x).
972 421 1112 469 Albae
1141 419 1327 468 fuerunt
1357 422 1554 469 militum
1583 420 1722 469 vestes
1760 422 2018 485 ducumque

78 492 339 554 chlamydes
373 492 478 539 vide
497 492 698 550 luretum
729 490 783 536 ad
805 488 881 540 lib.
901 507 940 535 1.
985 489 1174 535 Paullini
1200 490 1255 535 de
1275 491 1363 535 vita
1389 493 1428 535 S.
1449 491 1638 536 Martini
1657 487 1737 536 fol.
1760 497 1853 545 888
1874 486 1934 552 sq.
1955 493 2016 540 T.

37 592 39 594 -
75 561 202 605 VIII.
224 558 336 608 Bibl.
369 563 478 606 Patr.
501 556 682 603 Morell.
740 557 944 603 Militum
967 556 1171 617 cingulus
1198 553 1272 602 seu
1293 555 1479 611 balteus,
1500 561 1725 621 Rupertus
1756 573 1800 620 p.
1826 570 1934 617 327.
1966 559 2016 603 in

73 627 275 674 Florum.
346 629 414 672 De
435 625 568 671 armis
591 641 700 670 vero
725 639 768 671 et
795 625 977 686 quidem
1004 623 1290 684 (lesbutorum
1313 621 1461 670 forma
1482 618 1592 687 quae
1615 623 1837 674 Hebraeis
1859 626 1906 668 in
1935 621 2015 668 vsu

73 691 163 742 fuit
184 691 449 745 consulenda
470 692 710 738 Theodori
729 689 926 741 Daffouii
949 688 1188 738 dissertatio
1210 691 1264 736 ad
1279 691 1457 737 titulum
1483 693 1624 738 Celim
1649 696 1682 752 §.
1697 689 1812 754 2.sq.
1849 690 2016 742 Witeb.

77 767 228 816 1696:
255 776 297 808 et
319 761 381 810 10.
401 757 658 823 christoph..
686 758 887 806 Ortlobii
910 755 1150 804 dissertatio
1179 758 1234 803 de
1262 755 1392 804 scutis
1413 774 1454 804 et
1487 760 1657 823 clypeis
1681 757 2015 813 Hebraeorum,

73 825 197 893 Lips.
227 835 364 889 ¹718·
439 830 508 873 De
530 844 664 888 gerro
695 823 1254 890 Scythicoscuto‘praeter
1275 842 1456 886 graecos
1487 827 1856 891 Lexicographos
1885 841 1928 872 et
1949 827 2017 872 in—

73 910 292 960 terpretes
315 892 430 941 Festi
449 892 629 941 consule
649 895 824 941 Scholia
843 910 996 955 graeca
1016 893 1068 938 ad
1093 894 1343 939 Lucianum
1365 908 1493 938 tomo
1513 912 1550 940 2.
1576 911 1673 956 pag.
1691 909 1764 953 32·
1844 895 2015 940 Gerrae

71 961 303 1012 Persarum
325 962 458 1008 etiam
489 960 607 1009 scuta
636 979 658 1008 e
680 961 928 1008 viminibus
959 974 1167 1008 contexta
1196 975 1247 1005 vt
1276 975 1400 1006 notat
1434 960 1540 1006 Adr.
1562 960 1784 1006 Relandus
1818 975 1944 1024 parte
1970 973 2016 1009 2.

72 1028 168 1078 diff.
189 1027 316 1077 Misc.
346 1047 388 1094 p.
406 1036 513 1084 186.
563 1030 618 1076 de
647 1029 808 1093 quibus
841 1025 1094 1076 consulatur
1120 1027 1282 1083 Ezech.
1313 1027 1610 1092 Spanhemius
1639 1043 1684 1091 p.
1706 1041 1806 1084 193.
1827 1026 1881 1072 ad
1903 1040 2015 1074 orat.

67 1100 268 1165 primam
287 1098 461 1145 Iuliani.
536 1101 605 1144 De
625 1097 891 1151 decumana,
921 1093 1030 1142 scuti
1044 1096 1227 1142 maioris
1242 1112 1423 1156 genere,
1444 1094 1550 1141 vide
1571 1111 1682 1158 quae
1703 1096 1792 1140 viri
1816 1092 1937 1140 doffl
1957 1094 2014 1142 ad

70 1159 279 1221 Hirtium
299 1165 355 1212 de
380 1164 501 1211 bello
524 1163 622 1212 Afr.
644 1183 735 1230 cap.
753 1180 828 1222 29.
855 1180 896 1211 et
918 1162 1110 1211 Festum.
1179 1165 1250 1208 De
1271 1165 1431 1209 Parma
1452 1164 1608 1228 clypeo,-
1626 1163 1773 1223 scuto,
1802 1163 1930 1227 pelta,
1953 1178 2016 1210 ce·

67 1234 170 1286 ira,
203 1237 342 1296 (quae
367 1231 588 1280 Afrorum
612 1230 731 1295 fuit)
756 1233 946 1280 et‘ancili
962 1231 1148 1294 aliisque
1178 1224 1404 1281 scutorum
1440 1229 1680 1292 generibus
1716 1244 1854 1290 agunt
1870 1228 2015 1276 Aldus

67 1301 372 1347 -Manutiusin
395 1298 596 1361 quaesitis
627 1316 711 1363 per
734 1299 977 1362 Epistol-am
1008 1314 1135 1344 tomo
1159 1301 1236 1344 -IV,
1263 1298 1481 1363 lampadis
1512 1299 1693 1344 Artium
1719 1298 2016 1343 Gruterianae

69 1384 116 1432 p.
135 1382 242 1428 304.
268 1364 329 1429 sq.
366 1382 410 1412 et
429 1380 557 1411 tomo
587 1368 740 1430 primo
765 1356 956 1412 thesauri
985 1365 1276 1426 Sallengriani
1304 1382 1347 1429 p.
1376 1374 1483 1424 817.
1534 1364 1656 1411 Frid.
1688 1360 2014 1423 Talibmannus

70 1435 125 1481 ad
146 1434 333 1480 culicem
356 1433 541 1494 Virgilii
561 1450 609 1498 p.
628 1442 732 1484 106.
776 1432 952 1497 Lipsius
971 1433 996 1480 l.
1016 1450 1050 1490 3.
1077 1434 1131 1479 de
1151 1433 1313 1489 militia
1330 1435 1531 1478 Romana
1551 1449 1585 1478 c.
1607 1446 1695 1478 1.et
1718 1445 1761 1480 2.
1782 1445 1825 1477 et
1847 1432 1895 1477 in
1916 1448 2016 1478 ana·

72 1500 198 1548 leffis
212 1502 264 1547 ad
277 1501 395 1547 idem
411 1517 524 1564 opus
544 1519 554 1545 ι
576 1503 866 1548 Petr.Petitus
891 1501 1035 1547 lib.de
1049 1500 1353 1548 Amazonibus
1374 1517 1407 1549 c.
1430 1515 1506 1556 25.
1528 1514 1570 1546 et
1584 1507 1659 1547 26.
1691 1497 1770 1545 vbi
1790 1496 2015 1559 sigillatim

69 1569 126 1615 de
145 1569 276 1632 pelta.
354 1572 464 1615 Mat.
485 1570 881 1615 Zimmermannus
904 1570 947 1614 in
969 1566 1174 1615 analeffis
1194 1585 1294 1633 pag.
1315 1575 1420 1626 556.
1443 1563 1502 1630 sq.
1533 1569 1850 1627 HermsHugo
1875 1565 1950 1612 lib.
1967 1584 2012 1614 2.

69 1637 126 1682 de
148 1635 307 1682 militia
329 1635 521 1698 equestri
546 1653 635 1700 cap.
649 1651 695 1697 4.
745 1641 889 1684 Henr.
916 1636 1183 1682 Dodwellus
1203 1638 1249 1682 in
1271 1633 1362 1685 diff.
1394 1634 1596 1698 postuma
1619 1633 1673 1680 de
1696 1650 1850 1697 parma
1879 1650 2013 1697 eque-

67 1701 145 1750 stri
171 1703 562 1756 Woodwardiana‚
601 1708 751 1751 Oxon.
779 1717 917 1763 17¹3-
943 1712 985 1759 8.
1011 1703 1089 1749 vbi
1115 1705 1248 1749 etiam
1275 1703 1331 1749 de
1361 1702 1456 1748 aliis
1477 1701 1741 1765 quibusdam
1773 1693 2011 1750 ornamen-

67 1772 123 1817 tis
141 1767 428 1833 vestibusque
457 1770 721 1816 militaribus
743 1786 948 1816 veterum
980 1774 1306 1820 Romanorum.
1385 1773 1530 1819 Henr.
1559 1767 1765 1816 Norifius
1785 1768 1838 1815 ad
1865 1766 2011 1815 Ceno-

67 1838 189 1901 taph.
210 1834 358 1883 Pisana
377 1853 421 1900 p.
444 1850 549 1885 121.
615 1838 785 1884 Pierius
808 1838 1098 1902 hieroglyph.
1123 1855 1212 1902 cap.
1233 1847 1306 1898 36.
1335 1835 1430 1900 sqq.
1503 1836 1583 1883 lac.
1611 1836 1780 1882 Thode
1809 1832 1901 1884 diff.
1927 1838 2009 1881 IV.

69 1905 125 1951 de
146 1903 316 1968 clypeis
337 1902 556 1967 scutisque
578 1921 798 1954 veterum.
822 1902 1019 1952 I-Iafniae
1049 1916 1188 1964 1718.
1209 1923 1256 1963 4.
1326 1909 1449 1951 Ioan.
1468 1905 1688 1951 Sertorius
1711 1904 1759 1949 in
1782 1899 2011 1950 Schedias-

67 1987 187 2019 mate
207 1971 262 2018 de
280 1971 459 2035 clypeo.
480 1972 644 2022 Witeb.
673 1987 812 2035 1724.
883 1971 1046 2020 Blalius
1066 1973 1370 2037 Caryophilus
1400 1974 1446 2018 in
1473 1968 1690 2036 opusculo
1712 1971 1767 2017 cle
1800 1981 2009 2017 veterum

69 2039 254 2104 clypeis.
275 2039 419 2100 Lugd.
441 2042 583 2088 Batav.
610 2056 750 2101 1751.
772 2056 820 2102 4.
879 2044 1160 2088 ‘Fortunatus
1179 2041 1401 2087 Schachus
1429 2039 1504 2085 lib.
1532 2055 1572 2099 3.
1603 2039 1877 2102 myrothecii
1911 2054 2007 2101 cap.

75 2122 149 2168 19.
172 2103 258 2169 seq.
280 2107 357 2167 qui
375 2122 466 2168 cap.
486 2121 559 2164 15.
581 2104 669 2168 seq.
705 2105 799 2157 fuse
821 2110 912 2169 agit
933 2108 989 2154 de
1010 2109 1265 2155 Cerethaeis
1283 2123 1326 2154 et
1349 2106 1614 2159 Pheletaeis,
1651 2122 1765 2168 quos
1788 2105 1949 2151 milites
1964 2119 2009 2150 et

68 2173 301 2239 stipatores
321 2174 455 2233 Regis
475 2174 662 2219 Dav-idis
687 2191 710 2219 a
736 2178 866 2221 cetris
897 2191 940 2222 et
966 2175 1100 2240 peltis
1129 2177 1189 2222 ita
1215 2174 1360 2222 disspos
1380 2174 1631 2227 contendit,
1669 2171 1785 2235 quasi
1818 2187 2006 2218 cetratos

68 2257 112 2290 et
135 2239 323 2307 peltatos
345 2240 524 2286 dixeris.
593 2239 764 2288 Confer
801 2236 1001 2290 augsores
1021 2241 1150 2305 supra
1182 2257 1345 2305 p‚743.
1368 2240 1421 2286 de
1441 2241 1494 2285 iis
1524 2241 1747 2286 excitatos.
1817 2242 1886 2284 De
1913 2238 2005 2300 cly-

65 2312 165 2375 peis
185 2322 303 2357 extat
323 2322 365 2353 et
386 2304 476 2353 diff
499 2304 581 2352 Ios.
602 2307 750 2355 Waffii
774 2310 936 2371 Angli,
971 2311 1043 2356 cui
1064 2305 1290 2355 addendus
1312 2306 1484 2353 Tobias
1502 2305 1794 2353 Gutberletus
1815 2303 1932 2350 libro
1947 2305 2004 2351 de

65 2378 220 2430 saliis,
256 2392 349 2439 cap.
370 2389 443 2423 12.
464 2372 527 2437 sq.
563 2374 641 2420 vbi
666 2376 720 2423 de
739 2373 888 2426 forma
908 2376 1174 2423 anciliorum
1195 2391 1307 2438 quae
1336 2371 1536 2420 saltantes
1559 2374 1717 2418 Martis
1745 2373 2004 2419 Sacerdotes

68 2441 486 2504 c'ircumgestabant:
531 2443 593 2489 10.
624 2444 824 2490 Danielis
846 2446 975 2490 Rami
1012 2436 1184 2490 erudita
1205 2439 1297 2489 diff.
1318 2442 1373 2488 cle
1410 2440 1642 2488 Ancilibus
1677 2443 2002 2495 Romanorum,

60 2510 211 2560 'hafn⁶
240 2516 375 2572 1706.
427 2513 499 2555 ΕΖ,
532 2511 828 2574 Spanhemius
856 2528 899 2575 p.
921 2519 1026 2572 167.
1061 2511 1114 2558 ad
1145 2510 1494 2565 Callimachum,
1538 2510 1614 2572 qui
1649 2507 1703 2555 de
1732 2508 2002 2571 clypeorum

65 2575 218 2626 forma
241 2579 283 2624 ὅτ
303 2577 622 2642 appellatione,
657 2591 845 2641 totoque
864 2595 1022 2625 eorum
1047 2576 1303 2624 discrimine
1323 2576 1427 2623 alibi
1447 2590 1644 2622 accurate
1666 2573 1797 2637 egiffe
1817 2572 1860 2622 se
1880 2573 2002 2622 testa-

67 2658 156 2692 tur.
221 2649 291 2693 De
312 2646 580 2709 clypeorum
600 2662 837 2693 aureorum
861 2643 940 2692 vsu
961 2646 1084 2692 idem
1109 2647 1319 2692 Scacchus
1340 2647 1417 2691 111.
1437 2657 1514 2693 22.
1552 2690 1555 2692 ,
1583 2643 1754 2707 Clypea
1778 2645 1930 2689 votiua
1952 2645 1999 2689 in

60 2713 251 2781 templis
267 2710 470 2779 suspensa
496 2730 578 2763 etc.
651 2711 824 2763 salmas.
854 2713 910 2762 ad
940 2713 1162 2762 Trebellii
1193 2712 1471 2775 Pollionem,
1491 2774 1494 2777 Ι
1514 2712 1710 2777 Sponius
1736 2727 1782 2776 p.
1809 2724 1916 2770 152.
1937 2708 2002 2773 sq.

1055 2783 1097 2827 G
1120 2798 1151 2844 g
1191 2794 1217 2842 3
1866 2774 1992 2826 Misc.
