2263 3027
229 136 345 199 25⁴2*-
736 126 907 181 CAP.
939 124 1073 178 V11.
1146 123 1645 181 COMPENDIA

230 266 325 305 tate
347 254 558 303 laudandi
574 254 780 300 ‘veniunt
802 252 1015 318 Philippus
1035 248 1242 312 Labbous,
1281 253 1406 300 cuius
1436 269 1572 317 parua
1593 268 1637 299 et
1656 269 1816 315 magna
1839 254 2082 302 methodus
2111 255 2175 302 di-

231 323 384 379 scendi
413 316 760 383 chronologiam
790 335 832 368 et
866 319 1099 368 historiam
1137 320 1308 386 prodiit
1335 319 1467 370 Paris.
1507 326 1647 384 1664.
1703 338 1777 370 12.
1861 323 2172 383 chronologia

232 394 434 440 technica
456 407 603 438 autem
616 386 746 437 Paris.
775 392 914 450 1670.
950 387 1052 454 post
1065 387 1263 453 *austoris
1285 405 1481 436 mortem
1504 390 1651 437 lucem
1675 391 1789 436 vidit
1814 407 1915 437 cum
1932 388 2177 445 subiunela,

232 469 366 524 quam
387 460 539 525 paullo
574 474 674 505 ante
697 458 1001 516 laud-animus,
1038 457 1339 520 chronologia
1360 457 1591 515 historica,
1628 458 1771 505 tribus
1791 457 2104 505 voluminibus
2130 461 2176 504 in

232 527 362 576 folio.
431 531 534 575 Nec
559 528 708 573 minus
731 525 814 574 Ioh.
834 526 1020 593 Baptista
1040 527 1250 573 Ricciolus
1275 528 1321 572 in
1345 525 1657 589 Chronologia
1683 524 1927 574 reformata
1947 528 2179 574 Bononiae

240 613 257 644 1
272 601 381 656 669.
419 593 497 642 fol.
540 611 584 642 et
606 596 803 660 Aegidius
825 596 1070 647 Bucherius,
1099 596 1222 641 cuius
1243 594 1298 641 de
1323 593 1527 642 dofflrina
1546 611 1808 660 temporum
1832 596 2180 642 commentarius

233 668 438 711 Canones
459 665 703 729 praecipue
721 677 894 711 veteres
919 660 1142 711 Paschales
1166 658 1266 711 luce
1284 663 1406 711 haud
1429 664 1761 724 contemnenda
1781 661 2018 730 perfundit
2032 669 2179 710 Antw.

239 740 382 795 1634.
416 730 496 778 fol.
1104 782 1105 785 Ἰ

384 798 552 846 No'stra
580 797 1041 848 aetate‘acutiffimum
1072 815 1116 847 et
1145 797 1537 849 elab01·atiffimum
1560 817 1674 866 opus
1699 801 2090 862 Chronologicum
2114 798 2180 844 vi·

236 868 383 916 dimus
405 868 456 915 ab
482 869 802 916 Hibernorum
824 867 1073 916 ‘doffissimo
1099 872 1285 915 Henrico
1312 871 1532 923 Dodlvell0,
1568 870 1622 916 de
1645 864 1873 916 veteribus
1900 872 2181 916 Graecorum

233 938 640 1001 Romanorumque
675 937 826 1000 Cyclis
860 940 1010 984 Oxon.
1055 953 1192 997 1701.
1229 954 1272 1000 4.
1344 937 1470 984 Idem
1503 941 1575 983 vir
1604 939 1854 1002 praeclarus
1887 937 2028 982 multa
2046 938 2182 982 etiam

233 1004 315 1050 alia
339 1005 392 1050 ad
413 1012 678 1069 temporum
704 1007 899 1052 rationes
920 1005 1221 1052 dilucidandas
1247 1005 1421 1052 erudite
1452 1021 1780 1052 commentatus
1811 1003 1894 1058 est,
1921 1002 2183 1067 scriptore&

234 1088 323 1136 que
344 1074 552 1136 antiquos
572 1075 722 1119 varios
756 1073 994 1119 luculentis
1024 1072 1331 1120 notationibus
1363 1074 1715 1135 Chronologicis
1750 1088 1793 1119 et
1820 1075 2043 1119 annorum
2069 1082 2183 1133 quos

234 1137 568 1204 persequuntur
581 1139 925 1203 'consignatione
946 1139 1192 1188 illustrauit.
1295 1145 1365 1188 De
1395 1142 1586 1208 periodo
1623 1142 1791 1187 Iuliana
1825 1156 1868 1187 et
1888 1146 2056 1187 Anton.
2078 1137 2184 1200 Pagi

226 1210 634 1255 ‘GraecwRomana
660 1206 828 1255 disserit
846 1208 958 1258 Sam.
984 1209 1213 1274 Bastiagius
1236 1210 1396 1256 Annal.
1410 1210 1539 1274 polit.
1554 1206 1702 1255 eccles.
1726 1213 1864 1255 Tom.
1882 1225 1921 1256 2.
1958 1225 2056 1271 pag.
2076 1225 2094 1263 ς
2111 1222 2127 1263 5
2142 1211 2185 1254 6.

234 1277 394 1344 Ludou.
417 1280 609 1325 'Boiuim'i
631 1274 737 1323 Diff.
757 1277 813 1323 de
835 1278 1027 1342 periodo
1051 1278 1219 1323 Iuliana
1241 1277 1404 1338 legitur
1426 1279 1472 1324 in
1505 1276 1656 1323 histor.
1678 1277 1791 1324 acad.
1822 1274 2183 1339 inscriptionum,

232 1346 292 1390 T.
313 1359 349 1392 1.
385 1353 484 1409 pa'g.
502 1360 645 1393 221·2
661 1360 735 1406 30.
772 1344 876 1391 edit.
905 1343 1149 1392 Amstelod.
1170 1360 1212 1391 et
1229 1348 1287 1389 Τ.
1309 1359 1345 1390 ι.
1368 1362 1477 1407 paga
1495 1360 1716 1399 204-212.
1752 1341 2045 1389 verlZGerm.
2064 1341 2184 1386 Petri

235 1409 543 1466 CineriiDiffi
558 1413 614 1458 de
635 1410 716 1458 vsu
737 1427 779 1458 et
798 1409 932 1457 abusu
963 1411 1144 1475 periodi
1174 1410 1369 1457 Iulianae
1401 1408 1539 1456 exstat
1565 1414 1612 1456 in
1629 1408 1874 1457 Dissertatt.
1905 1409 2183 1459 eius‘litt‘era-

235 1480 326 1525 riis.
350 1480 470 1526 Flor.
501 1493 640 1538 1742.
681 1487 724 1535 8.
764 1495 808 1543 p.
842 1493 958 1538 107-
978 1494 991 1526 1
1016 1494 1084 1537 19.
1154 1480 1224 1523 De
1245 1479 1382 1523 variis
1398 1479 1591 1542 epochis
1614 1487 1659 1525 et
1680 1480 1787 1524 anni
1805 1475 1955 1524 forma
1976 1491 2183 1523 veterum

236 1546 526 1594 orientalium
549 1544 901 1610 dissertationem
922 1545 1137 1593 historico
1152 1573 1170 1580 -
1185 1545 1559 1607 chronologicam
1592 1544 1847 1611 composuit
1869 1548 2103 1593 Ludouicus
2129 1545 2186 1589 du

235 1617 353 1683 foug·
382 1618 438 1661 du
468 1618 736 1678 nggnerm,
775 1631 887 1677 quae
918 1616 1121 1677 primum
1154 1613 1308 1658 locum
1337 1628 1526 1677 occupat
1555 1608 1674 1661 inter
1694 1612 2033 1661 Dima-tationes
2065 1617 2186 1669 eius,

236 1699 343 1746 quas
365 1700 388 1729 e
408 1677 710 1745 manuscripto
733 1696 876 1727 erutas
902 1680 992 1726 luci
1011 1679 1218 1744 publicae
1249 1676 1457 1742 exposuit
1479 1681 1812 1727 Celeberrimus
1843 1698 1886 1728 et
1915 1682 1967 1727 de
1997 1697 2046 1727 re
2067 1677 2184 1726 sacra
2240 1724 2247 1735 ,

236 1754 283 1797 ac
303 1750 513 1797 litteraria
541 1746 774 1811 insigniter
792 1750 980 1794 meritus
1005 1744 1354 1794 Hildesiensium
1375 1746 1660 1804 ecclefiarum
1682 1749 2088 1813 superintendens,
2120 1750 2184 1793 Io.
2250 1767 2263 1813 3

235 1817 814 1865 Dietericus2Wincklerus-.
843 1813 1014 1880 Lipsiae
1039 1829 1178 1875 1750.
1199 1831 1257 1875 .4.
1885 1855 1887 1857 ,
1938 1838 1942 1841 -
1969 1838 1972 1842 -
2218 1814 2234 1823 ‘

405 1891 450 1933 B.
471 1885 686 1932 Matthiae
714 1881 945 1931 Wasmuthi
975 1888 1021 1924 30
1057 1899 1172 1947 opus
1204 1881 1738 1944 astro-chronologicum
1760 1879 1965 1946 auspiciis
1986 1883 2181 1945 Reginae
2224 1941 2227 1944 Ι

234 1951 483 2001 Christinae
519 1959 607 2002 An.
645 1960 781 2012 1692.
819 1952 892 1999 edi
923 1958 1136 2016 coeptum
1168 1951 1215 1996 in
1251 1949 1390 1996 herba
1418 1947 1561 1996 statim
1599 1948 1879 2015 suppressum
1912 1948 1995 2004 est,
2033 1969 2179 2016 neque

177 2022 181 2025 Α
234 2019 596 2087 vhmspecimen
610 2022 711 2067 eius
730 2035 859 2084 atque
881 2016 1270 2066 introdustionem
1293 2019 1532 2080 quicquam
1555 2019 1670 2081 vidit
1704 2019 1877 2072 lucem,
1912 2035 2058 2083 neque
2087 2037 2183 2067 eru-

236 2086 885 2137 diris⁸sazisfeciffet-credorvir
905 2086 992 2134 suis
1015 2088 1154 2148 magis
1180 2084 1508 2150 hypothesibus
1544 2084 1768 2141 addffiius,
1803 2103 1943 2150 quam
1973 2103 2179 2145 veterum

236 2159 444 2222 diligenti
464 2156 729 2205 tra-statione
750 2171 793 2204 et
813 2154 1086 2220 expensione
1109 2169 1391 2218 comparatus
1421 2154 1474 2199 ad
1498 2171 1567 2200 res
1589 2172 1694 2217 quas
1715 2155 1789 2200 illi
1814 2155 1997 2201 tradunt
2024 2157 2078 2202 ad
2108 2172 2181 2203 eo-.

235 2235 341 2275 111111
365 2224 563 2275 mentem
578 2261 588 2281 ‚
621 2225 744 2272 certo
768 2225 968 2288 tempori
989 2220 1273 2285 affignandas.
1345 2222 1577 2268 Elementa
1597 2222 1926 2285 chronologiae
1950 2224 2177 2270 technicae

234 2288 511 2362 dompendio
542 2295 699 2341 tradita
737 2295 909 2339 tirones
935 2308 1072 2358 quam
1108 2288 1343 2337 reffiiffime
1372 2291 1581 2337 haurient
1610 2309 1664 2338 ex
1700 2295 1746 2339 B.
1771 2293 1939 2355 Aegida·
1960 2292 2180 2348 Strauchii

233 2364 374 2412 nostri
392 2365 624 2423 breuiario
650 2361 992 2421 Chronologico
1011 2393 1022 2413 ‚
1058 2356 1228 2424 saepius
1251 2356 1449 2405 subieffto
1473 2359 1636 2424 praelis
1658 2361 1706 2406 in
1729 2359 1978 2407 Ger-mania
1995 2375 2038 2406 et
2060 2359 2181 2425 apud

234 2434 408 2494 Anglos
429 2441 612 2496 quoque
630 2430 834 2478 Londini
865 2437 1006 2488 1699.
1045 2435 1086 2481 3.
1124 2429 1169 2473 in
1202 2444 1292 2491 quo
1329 2427 1431 2473 licet
1461 2426 1591 2474 breui
1610 2427 1765 2474 libello
1786 2426 1928 2474 multa
1955 2423 2101 2475 sol-ide
2133 2442 2180 2474 et

233 2499 467 2563 perspicue
490 2500 739 2546 traduntur.
807 2502 847 2544 A
869 2493 1183 2561 perspicuitate
1201 2493 1244 2541 se
1267 2496 1711 2542 commend-aretiam
1729 2498 1790 2542 Io.
1815 2497 1998 2543 Henrici
2015 2496 2182 2558 Alstedii

233 2566 489 2613 Thesaurus
511 2567 941 2629 Chronologicuset'
961 2565 1080 2611 frid.
1105 2564 1346 2630 Spanhemii
1367 2561 2001 2626 Chronologiafsacramagno
2031 2562 2177 2610 studio

233 2630 394 2697 scripta
415 2650 457 2678 et
483 2639 639 2681 Tomo
660 2640 813 2699 primo
837 2632 1156 2699 Operum'viri
1177 2632 1297 2678 illius
1321 2633 1484 2679 eruditi
1509 2632 1635 2679 edita.
1704 2630 1790 2679 Sed
1802 2632 1992 2697 Dtjonyfii
2004 2634 2178 2678 Patauii

236 2702 528 2748 rationarium
558 2716 820 2766 temporum
848 2703 981 2750 toties
1007 2704 1056 2750 in
1078 2700 1247 2755 Gallia,
1269 2703 1535 2755 Germania,
1559 2717 1601 2748 et
1621 2696 1876 2748 cum'dosta
1894 2696 2174 2765 praefatione

290 2849 327 2878 3⁰
356 2847 470 2887 (Lonf.
493 2846 738 2887 10a11.1{e1n·.
764 2859 785 2884 a
809 2848 964 2893 Seelen,
996 2860 1138 2903 p.400‚
1157 2848 1267 2890 dene.
1288 2836 1581 2903 epistolicarum‘.
