2263 3027
775 128 809 156 ,-
848 107 1284 162 semp-sonus.
1366 109 1370 113 ’
1428 118 1430 120 ·
1539 108 1559 126 ²
1939 117 2035 178 813

91 240 140 284 C.
161 235 278 290 Iulii
303 235 509 285 Caesaris?
528 231 672 294 anris.
712 246 847 296 1559.
873 241 916 290 8.
982 228 1120 297 Iustus'
1135 237 1289 303 Lipsius
1323 234 1450 283 libris
1478 249 1516 295 5.
1548 235 1604 283 de
1635 233 1795 280 militia
1817 234 2031 281 Romana.

90 310 245 353 Antw.
282 310 421 366 1596.
449 321 492 352 et
515 308 561 352 in
584 320 710 351 tomo
733 304 867 349 tertio
890 302 983 348 eius
1016 319 1232 366 operum,
1255 304 1307 350 ad
1328 321 1441 368 quos
1462 303 1604 350 libros
1624 300 2028 348 animaduersiones

90 372 305 437 quaedam
329 374 508 420 Claudii
528 369 768 435 Dausqueii
791 368 960 428 exstant
995 385 1123 417 tomo
1149 369 1342 419 secundo
1374 370 1569 435 sylloges
1599 368 1899 435 Epistolarum
1924 375 2030 417 Bur-

88 443 352 487 mannianae
373 459 470 505 pag.
501 456 589 500 1s49
612 436 704 502 sqq.
727 453 770 484 et
787 438 933 484 Delrii
964 454 1065 501 pag.
1099 456 1112 485 1
1130 444 1190 498 56
1211 437 1306 503 sqq.
1375 441 1571 486 Claudius
1588 440 1806 500 Salmasius
1821 439 1873 484 in
1889 454 2030 501 opere

86 507 298 572 postumo
323 510 378 554 de
408 502 580 555 militia⁶
594 510 919 553 Romanorum.
942 505 1087 567 Lugd.
1110 510 1254 552 Batav.
1283 514 1486 568 1657..4.
1519 522 1562 553 et
1588 520 1698 554 tom.
1730 520 1803 554 ιο.
1836 502 2031 551 thesauri

87 577 343 622 Graeuiani.
413 576 614 623 Guilielm.
636 574 830 634 Choulz'us
854 574 902 619 in
931 576 1258 618 commentario
1281 573 1461 634 gallico:
1499 573 1789 636 Diseoursfiar
1809 573 1849 618 la
1871 573 2031 635 Castra·

85 648 292 688 metation
315 656 358 689 et
380 642 584 708 difiipline
602 643 809 687 militaire
828 641 897 685 des
919 643 1144 695 Romaim,
1179 643 1257 704 qui
1282 658 1385 687 cum
1415 643 1509 688 eius
1532 643 1733 702 Dzfi‘ours
1745 635 1830 701 'fiir
1858 641 1899 686 la
1916 641 2029 686 Reli-

78 716 181 775 gion
199 712 268 756 des
286 715 450 757 ano-iens
460 713 659 773 Romalins
679 710 825 755 editus
847 706 907 754 est
920 708 1133 769 Lugduni
1153 727 1169 754 1
1185 715 1242 764 58
1259 725 1292 756 i.
1304 724 1348 764 4.
1369 725 1413 754 et
1433 706 1608 756 recusus
1621 705 1806 758 Veseliis
1828 714 1967 768 1672.
1979 723 2028 771 4.

89 778 335 839 Francifius
353 781 572 824 Patricius
592 778 638 823 in
669 777 787 822 libro
809 776 865 822 de
893 792 941 821 re
963 776 1146 821 militari
1167 778 1379 830 Romana,
1402 774 1567 823 inserto
1591 791 1704 831 tom.
1738 790 1808 824 10.
1831 772 2029 822 thesauri

83 847 338 892 Graeuiani.
405 848 517 892 Ioan.
539 847 688 891 Anton.
715 845 936 891 Valtrinus
965 844 1014 889 in
1038 842 1162 888 libris
1184 858 1230 903 7.
1262 844 1317 890 de
1343 861 1401 901 re·
1424 846 1608 891 militari
1638 857 1842 889 veterum
1866 846 2030 890 Roma-

82 914 384 975 norum‚·qui
404 911 456 959 ab
480 929 534 960 eo
561 914 723 958 iuuene
754 909 930 975 scripti,
967 907 1156 974 ipsoque
1188 908 1328 956 inscio
1362 912 1469 957 editi
1503 910 1603 958 sunt
1632 910 1793 955 Colon.
1822 925 1959 971 1597.
1984 918 2026 966 8.

84 994 127 1025 et
154 984 287 1026 Henr.
316 980 538 1047 Chrzstoph.
566 978 693 1027 Nebcl
727 981 775 1025 in
798 976 988 1024 diatribe
1011 978 1067 1024 de
1097 978 1258 1024 militia
1287 981 1487 1024 Romana
1507 996 1561 1025 ex
1582 978 1777 1023 Horatio
1802 976 2028 1039 illustrata.

82 1044 228 1094 Gissae
259 1062 394 1109 1750,
420 1063 464 1109 4.
535 1046 749 1101 Iustitiam
769 1045 994 1092 bellorum
1016 1048 1330 1092 Romanorum
1353 1047 1626 1094 examinauit
1654 1042 1867 1090 Albericus
1887 1049 2029 1092 Genti-

80 1114 132 1160 lis
150 1113 277 1162 libris
302 1115 480 1163 duobus
498 1115 554 1164 de
576 1116 709 1162 armis
732 1115 962 1162 Romanis.
982 1117 1167 1162 Hanov.
1193 1131 1210 1159 1
1225 1129 1333 1177 599.
1356 1124 1399 1171 8.

212 1254 292 1297 IV.
342 1252 516 1299 Bellum
537 1253 796 1298 a-Romanis
816 1252 885 1297 vti
915 1268 938 1297 a
967 1247 1407 1312 Carthaginiensibus
1429 1263 1618 1313 quoque
1647 1247 1870 1296 indiaum
1905 1245 2029 1296 miss‘a

93 1315 212 1365 hasta
233 1315 366 1382 super
389 1321 650 1365 columnam
677 1333 778 1364 ante
820 1318 1026 1364 Bellonae
1070 1318 1310 1381 ternplum.
1362 1316 1506 1373 Oizel.
1564 1313 1754 1364 thesaur.
1792 1333 1927 1363 Lxxn.
1980 1325 2029 1366 6.

83 1400 186 1448 pag.
223 1392 313 1445 32³8
346 1382 406 1448 sq.
474 1386 592 1431 Vide
620 1384 797 1432 Festum
838 1385 885 1429 in
921 1384 1103 1430 Bellona
1144 1400 1188 1432 et
1216 1382 1346 1430 hasta.
1423 1383 1495 1431 Ab
1531 1382 1627 1429 aliis
1654 1382 1852 1430 immisso
1877 1383 2027 1431 Gallo.

82 1454 252 1499 Tzetza
274 1457 329 1501 V.
355 1452 473 1500 Chil.
497 1451 592 1500 hist.
622 1467 695 1512 15.
727 1451 802 1498 vel
831 1468 958 1513 agno.
1026 1450 1286 1516 Apostolius
1314 1454 1393 1497 IV.
1423 1466 1504 1509 45.
1532 1450 1747 1501 Prouerb.
1817 1455 1887 1498 De
1917 1449 2025 1498 belli

81 1519 313 1567 indicendi
335 1537 462 1568 more
481 1519 600 1585 apud
626 1521 728 1568 alias
748 1534 916 1581 gentes,
939 1521 1132 1581 Cangius
1160 1516 1367 1581 gloffario
1400 1520 1454 1565 in
1472 1517 1658 1580 deffeblfio
1685 1533 1730 1566 et
1756 1520 1804 1565 in
1823 1520 1943 1565 notis
1964 1517 2021 1566 ad

82 1586 482 1635 Villeharduinum'
500 1605 541 1653 p.
563 1603 672 1650 305.
742 1591 811 1633 De
817 1585 1045 1650 fecialibus
1062 1587 1224 1651 populi
1246 1588 1441 1641 Romani
1461 1603 1713 1650 eorumque
1735 1588 2031 1651 capite,Patre·

81 1654 270 1717 patrato,
303 1657 492 1703 videndi
510 1653 612 1702 sunt
647 1656 788 1704 Andr.
812 1656 1040 1701 Dominic.
1062 1655 1249 1701 Floccus
1271 1655 1327 1701 de
1346 1653 1561 1718 potestate
1594 1657 1722 1701 Rom.
1753 1655 1831 1702 lib.
1861 1670 1900 1702 1.
1922 1671 1955 1701 c.
1973 1669 2023 1711 9.

78 1724 472 1769 MarcusZuerius
495 1725 782 1770 Boxhornius
804 1721 961 1785 quaest.
982 1726 1113 1768 Rom.
1139 1737 1214 1785 30.
1233 1746 1238 1749 ·
1295 1723 1564 1786 Onuphrius
1581 1723 1824 1769 Panuinius
1843 1722 1900 1768 de
1919 1723 2026 1768 ciui-

80 1803 167 1835 tate
189 1793 320 1835 Rom.
349 1806 440 1854 cap.
469 1805 543 1849 32,
614 1793 800 1836 Ioannes
826 1789 988 1835 lenlius
1024 1792 1070 1836 in
1103 1791 1486 1837 commentatione
1517 1790 1572 1835 de
1596 1788 1830 1838 fecialibus
1861 1789 2025 1854 populi

79 1859 213 1902 Rom.
236 1874 347 1920 quae
379 1856 514 1921 exstat
541 1874 640 1922 pag.
666 1873 738 1915 51.
771 1854 968 1904 eiusdem
991 1859 1168 1904 Ferculi
1191 1858 1418 1911 litterarii,
1458 1857 1606 1919 Lugd.
1629 1863 1774 1905 Batav.
1810 1871 1952 1917 1717.
1984 1866 2028 1908 8.

81 1925 220 1980 editi,
253 1940 295 1971 et
323 1923 561 1986 singulares
584 1922 916 1972 'dissertationes
947 1928 1065 1971 Ioan.
1090 1929 1173 1971 Iac.
1201 1925 1400 1972 Mulleri.
1437 1929 1568 1972 lenae
1591 1922 1615 1971 ἰ
1629 1932 1738 1987 693.
1806 1926 1924 1971 Petri
1946 1929 2029 1971 La-

82 1989 452 2057 gerloeffwpsal.
479 1997 616 2052 1698.
685 1998 816 2040 Laur.
838 1993 1065 2040 Arrhenii.
1088 1992 1202 2039 ibid..
1240 2003 1375 2054 1728.
1454 1992 1575 2040 Ioan.
1596 1996 1721 2040 Dan.·
1744 1994 1918 2042 Ritteri.
1949 1993 2023 2039 Li-

80 2057 195 2123 psiae
222 2073 360 2120 17332.
383 2087 385 2091 ·
427 2064 550 2107 Ioan.
571 2062 823 2108 Wandalini
849 2062 1027 2109 Hoieri.
1063 2058 1258 2108 Hal-”niae
1284 2078 1320 2107 e.
1351 2078 1392 2109 a.
1422 2075 1466 2108 et
1489 2059 1707 2108 Francisci
1734 2061 1881 2109 Caroli
1904 2063 2024 2107 Con·

80 2127 190 2173 radi.
214 2125 402 2173 Helmst.
434 2142 567 2186 1734.
629 2132 710 2174 >Ius
730 2126 908 2187 feciale,
949 2129 1073 2192 quod
1099 2131 1273 2194 primus
1304 2126 1448 2175 fertur
1471 2127 1640 2176 Rhesus
1662 2126 1938 2191 excogitasse,
1967 2126 2020 2174 ab

0 2222 2 2245 ς
80 2199 184 2242 Ano
216 2197 385 2241 Martio
423 2194 671 2241 institutum
711 2194 795 2242 effe
824 2208 1050 2249 'memorat
1087 2198 1296 2246 Aurelius
1337 2194 1497 2242 Vitsstor
1543 2197 1597 2242 de
1628 2199 1740 2242 viris
1776 2194 2019 2242 illustribus

0 2311 1 2335 ἦ
84 2279 178 2327 cap.
203 2278 245 2320 ς.
275 2264 347 2309 cui
376 2263 487 2309 adde
507 2263 689 2309 Liuium
716 2264 793 2312 lib.
831 2282 873 2314 1.·
895 2282 986 2329 cap.
1016 2281 1087 2324 32.
1166 2262 1315 2326 Ipsum
1342 2253 1593 2308 'Fecialium
1623 2265 1863 2325 collegium
1901 2261 2021 2308 insti-

0 2338 2 2388 ξ
82 2332 167 2377 tuit
198 2333 373 2383 Numa,
417 2331 522 2376 vide
556 2330 824 2394 Dionyfium
856 2328 1280 2386 Halicarnaffensem
1311 2329 1385 2374 lib.
1410 2343 1452 2394 ᾳ.
1476 2347 1582 2394 pag.⁴
1604 2346 1707 2390 131.
1743 2331 1821 2376 vbi
1856 2346 2019 2378 eorum

85 2414 266 2462 quoque
288 2397 487 2446 officium
510 2396 740 2453 describit5
771 2395 896 2463 qu'od
918 2402 1098 2447 breuius
1123 2412 1296 2447 enarrat
1317 2400 1474 2444 Cicero
1501 2399 1553 2444 d‘e
1578 2398 1747 2459 legibus
1772 2397 1843 2446 lib.
1863 2410 1904 2453 ι’,
1924 2412 2020 2457 c.9;

2 2499 5 2511 ,
83 2469 156 2512 De
183 2466 452 2526 sacramento
481 2468 667 2513 militar-i
695 2458 1172 2516 confer'Godescl'ialc.
1209 2467 1509 2512 Stew'echium
1539 2466 1657 2513 n'otis
1694 2467 1746 2512 ad
1776 2468 2030 2527 Vegetium·:

3 2543 7 2587 ξ
85 2532 164 2579 lib.
192 2549 230 2579 2.
253 2552 344 2599 cap.
361 2552 434 2598 97.
477 2532 480 2535 ’
513 2539 593 2581 Iac.
615 2529 831 2582 Oiselium
855 2538 970 2581 notis
992 2538 1043 2582 ad
1066 2536 1265 2585 Gellium
1288 2533 1364 2579 lib.
1399 2541 1467 2582 16.
1490 2552 1580 2598 cap.
1605 2548 1647 2594 4.
1715 2538 1842 2586 Barn,
1862 2530 2018 2580 Briffo-
2046 2540 2049 2542 ’

4 2600 7 2643 ἱ
89 2601 215 2647 nium
243 2602 298 2650 11.
324 2607 368 2653 6.
390 2605 592 2665 antiquit.
619 2605 740 2651 iuris.
811 2603 999 2650 Ratbod.
1021 2608 1183 2650 Herm.
1205 2602 1428 2647 Schelium
1452 2604 1498 2648 in
1521 2600 1683 2655 differt.
1706 2601 1760 2650 de
1777 2598 2020 2654 sacramen-

6 2662 9 2711 ἰ
42 2687 46 2692 ·
79 2668 164 2736 tis,
201 2683 308 2715 tom.
344 2689 408 2723 ιο.
430 2669 619 2717 thesauri
644 2672 897 2718 Graeuiani.
968 2674 1030 2718 Io.
1054 2662 1475 2736 Bapt.'Hansenium
1496 2671 1553 2717 de
1573 2670 1859 2729 iure-iurando
1882 2686 1919 2728 c.
1938 2682 2016 2717 22.

6 2735 9 2780 Ξ
87 2735 208 2848 ,ΙοαῖῑῙι
226 2737 610 2847 lAnt..Valtrinum
633 2741 688 2800 de
713 2758 764 2789 re
793 2740 924 2803 milit.
954 2743 1262 2799 Romanorum
1290 2735 1368 2787 lib.
1393 2751 1437 2791 2.
1471 2756 1563 2805 cap.
1589 2755 1632 2804 7.
1661 2740 1704 2786 'et
1729 2736 1929 2803 Lipfium
1960 2736 2021 2851 {lle

197 2817 310 2855 0.2.
568 2810 571 2814 '
987 2810 993 2815 “
1071 2848 1075 2858 ,
1191 2813 1326 2854 Aa?
1394 2805 1402 2816 *
1469 2830 1472 2835 ι
1566 2846 1582 2850 ,,
1891 2803 2027 2851 mi÷
