2263 3027
767 90 1040 147 CVRRVS
1075 95 1112 145 F
1117 94 1397 156 ALCAT1‚
1409 152 1413 155 ,
1931 109 1959 159 8
1971 119 1994 158 2.
2003 119 2027 163 5

93 218 206 268 rotis
224 212 456 274 feruntur,
489 218 724 265 Vitruuius
749 221 801 275 X.
831 233 899 278 ¹9-
928 235 1029 283 pag.
1050 236 1156 278 231.
1188 238 1243 268 ex
1270 223 1501 269 Athenaeo
1532 220 1588 269 de
1617 221 1837 269 machinis
1866 219 1945 268 foi.
1977 239 2025 285 4.

93 288 206 334 adde
231 291 464 332 Heronem
488 288 648 332 iunior.
670 286 726 332 de
748 287 965 332 machinis
988 287 1158 334 bellicis
1188 306 1221 334 c.
1252 305 1268 336 1
1284 304 1321 348 3.
1391 293 1460 336 De
1479 292 1820 354 oppugnatione
1839 290 2026 336 vrbium

93 369 140 401 et
168 353 445 400 castellorum
468 351 567 417 post
597 368 767 399 veteres
790 354 1055 407 Philonem,
1093 358 1370 402 Athenaeum
1403 372 1483 403 etc.
1519 373 1573 402 ex
1603 355 1804 403 instituto
1835 360 1923 418 agit
1954 359 2028 404 Li-

89 419 208 486 psius
233 423 278 466 in
298 422 600 484 poliorceticis
617 435 665 465 et
681 422 835 465 Petrus
849 423 1010 466 Ramus
1025 423 1078 468 de
1094 425 1248 469 militia
1264 424 1362 469 Iulii
1375 421 1565 470 Caesaris
1581 441 1707 488 parte
1733 440 1773 483 3.
1795 440 1923 470 tomo
1953 441 2028 474 10.

91 491 337 551 antiquitat.
365 491 663 534 Romanarum
687 500 733 549 p.
762 496 888 547 1587
913 485 973 550 sq.
1006 491 1083 551 qui
1103 490 1158 534 de
1185 495 1547 554 propugnatione
1583 490 1764 537 vrbium
1800 507 1843 537 et
1882 494 2028 538 muni·

91 571 355 604 mentorum
383 550 588 601 aduersus
617 552 762 599 hostes
791 555 881 615 agit
916 571 1013 618 pag.
1054 554 1255 618 15796ssi'q.
1326 562 1394 603 De
1433 557 1662 604 obsidione
1699 561 2038 618 maritimarum·

94 622 278 669 vrbium
303 624 444 668 nauali
470 622 574 666 vide
593 618 872 667 Schefferum
900 622 953 667 de
976 622 1134 668 militia
1163 623 1308 671 nauali
1340 642 1432 687 cap.
1457 642 1500 684 7.
1568 629 1636 672 De
1665 625 1833 679 castris,
1873 624 2029 690 praefi-

97 690 204 743 diis,
248 690 497 745 memruris,
536 686 759 743 excubiis,
803 689 993 751 vigiliis,
1035 688 1318 743 stationibus5
1367 694 1649 745 circuitione,
1697 709 1871 756 praeter
1893 694 2029 740 Patri-

94 758 214 804 cium
236 772 278 802 et
298 755 636 808 Robortellum,
677 770 718 800 et
751 759 893 802 Henr.
913 757 1129 802 Sauilium
1159 757 1385 803 adeundus
1415 759 1527 805 liber
1553 775 1592 816 5.
1616 759 1751 824 Lipssi
1777 761 1832 806 de
1868 760 2040 824 militia)

93 826 421 872 Romanorum.
492 825 594 868 Nec
619 839 779 886 parum
799 823 851 879 ad
881 838 1020 870 totam
1051 825 1174 870 illam
1201 841 1297 871 rem
1320 826 1654 887 intel'iigendam
1675 826 1911 874 conferent
1933 830 2031 888 ieo-

93 908 201 950 nes‚
233 908 344 955 quae
369 905 612 937 occurrunt
635 905 761 935 tomo
789 905 860 938 10.
896 893 1098 954 antiquit.
1120 895 1253 947 Rom.
1277 909 1376 956 pag.
1399 909 1561 953 905et
1582 907 1690 955 927.
1721 911 1810 957 quo
1833 896 1878 940 in
1899 910 2030 942 tomo

93 960 277 1022 Hygini
296 975 476 1021 quoque
498 960 756 1005 Gromatica
780 973 1022 1004 occurrunt
1037 992 1048 1012 ,
1085 976 1187 1005 curn
1208 959 1442 1005 luculentis
1467 963 1803 1006 commentariis
1822 961 2033 1008 Radbodi

93 1028 355 1073 Hermanni
375 1025 559 1080 Schelii,
592 1026 669 1089 qui
694 1042 736 1072 et
759 1041 988 1089 praeterea
1011 1028 1102 1087 egit
1122 1027 1177 1073 de
1201 1025 1479 1073 sacramentis
1498 1026 1716 1081 militnm,
1755 1028 1809 1074 de
1835 1026 2032 1075 custodia

92 1091 362 1148 castrorum,
399 1093 453 1139 de
477 1091 699 1156 stipendio
721 1094 927 1151 militari,
959 1091 1215 1149 frumento,
1255 1091 1374 1140 veste
1394 1109 1435 1140 et
1458 1090 1580 1139 viem
1601 1094 1821 1150 militum,
1859 1095 2032 1142 tributo

92 1162 225 1224 atque
245 1162 438 1216 aerario,
476 1161 671 1223 denique
691 1160 746 1206 de
768 1162 927 1207 itinere
949 1176 994 1207 et
1017 1160 1114 1207 telis
1148 1160 1395 1223 legionum.
1474 1160 1912 1208 Castrametationem
1942 1163 2036 1226 pri·

93 1245 196 1274 mus
215 1231 443 1274 Romanos
474 1228 627 1274 docuit
646 1229 873 1290 Pyrrhus,
909 1244 959 1274 vt
980 1243 1102 1275 notat
1120 1228 1381 1280 Plutarchus
1413 1229 1458 1274 in
1479 1228 1748 1278 Hannibale.
1818 1233 1888 1277 De
1917 1231 2033 1291 vigi-

92 1295 165 1341 liis
191 1295 387 1340 militum
413 1297 542 1340 Rom.
564 1288 722 1340 confer
742 1299 875 1344 Laut.
897 1296 1111 1341 Arrhenii
1134 1294 1493 1342 dissertationem.
1518 1292 1832 1359 Vpsal.1726.
1855 1314 1905 1359 4.
1959 1301 2032 1345 De

92 1364 221 1407 vario
253 1359 394 1407 hastae
424 1361 541 1423 apud
569 1376 741 1406 veteres
764 1359 853 1419 Vvsu
884 1362 989 1407 vide
1020 1364 1196 1408 loannis
1220 1361 1466 1426 Alstorphii
1495 1362 1661 1407 librum
1689 1354 1947 1426 pnst'umum
1970 1364 2028 1412 de

93 1426 225 1477 hastis
245 1443 465 1474 veterum.
486 1425 728 1474 Anistelod.
756 1443 894 1490 1757.
916 1445 960 1491 4.
1035 1432 1152 1474 Ioan.
1177 1431 1398 1476 Gideonis'
1427 1430 1565 1476 Gellii
1599 1426 1956 1477 obseruationem
1978 1432 2029 1479 in

94 1511 223 1543 tomo
248 1511 288 1555 9.
309 1493 435 1541 Misc.
459 1492 575 1558 Lips.
607 1512 651 1558 p.
677 1510 734 1552 25
758 1492 852 1558 sqq.
877 1511 918 1541 et
951 1495 1006 1542 de
1034 1497 1131 1541 iure
1153 1496 1371 1543 hastarum
1395 1500 1512 1543 Ioan.
1535 1499 1637 1542 Nic.
1661 1500 1843 1544 Funccii
1863 1494 2030 1547 differt.

93 1578 222 1610 tomo
251 1581 289 1610 2.
311 1558 505 1625 symbol.
526 1563 657 1608 litter.
674 1558 894 1609 Bremens.
922 1580 1021 1626 pag.
1053 1579 1142 1623 193
1166 1561 1259 1628 sqq.
1333 1560 1692 1627 Descriptionem
1711 1567 1936 1629 poeticam
1953 1567 2032 1614 ha-

91 1629 202 1683 stae,
242 1628 375 1683 enfis,
407 1627 573 1676 caffidis
595 1647 614 1676 a
639 1633 797 1675 Marco
826 1630 1082 1676 Alexandro
1113 1631 1253 1677 Bodio
1277 1631 1585 1696 deprehendes
1616 1648 1724 1678 tom.
1754 1649 1791 1680 1.
1828 1633 2026 1683 deliciar.

91 1712 264 1762 poetar.
290 1700 542 1754 Scotorum,
569 1714 666 1760 pag.
689 1710 787 1747 202
812 1694 903 1760 sqq.
973 1701 1041 1744 De
1068 1701 1202 1745 armis
1232 1701 1369 1746 aereis
1390 1700 1493 1745 vide
1514 1700 1679 1760 Angeli
1700 1702 1868 1747 Mariae
1886 1701 2031 1748 Riccii

92 1763 255 1811 differt.
280 1767 512 1810 Homeric.
534 1764 635 1810 Vol.
670 1778 706 1809 1.
739 1781 832 1826 pag¹
866 1780 972 1827 157.
991 1766 1246 1813 Florentiae
1278 1780 1412 1830 1740.
1437 1783 1484 1827 4„
1558 1770 1625 1813 De
1646 1771 1922 1813 Francorum
1948 1785 2030 1815 ve-

91 1847 238 1879 terum
260 1831 408 1892 gladio
431 1848 532 1887 cum
555 1830 721 1882 balte0‚
743 1827 886 1876 securi
907 1846 951 1878 et
970 1829 1137 1879 framea
1158 1832 1323 1881 diss'erit
1338 1834 1572 1882 Chifletius
1593 1832 1764 1882 anastas.
1782 1835 2029 1884 Chiiderici

92 1915 189 1962 cap.
220 1913 289 1955 14·
321 1916 419 1962 pag.
449 1908 539 1958 196
562 1896 652 1963 sqq.
677 1896 754 1943 vbi
777 1900 907 1944 etiam
934 1899 987 1945 de
1010 1898 1227 1948 similibus
1255 1905 1390 1949 armis
1412 1906 1720 1948 Romanorum
1742 1920 1796 1966 ex
1817 1902 2030 1952 columna

92 1966 290 2013 Trai-ani.
360 1970 426 2011 De
457 1969 591 2013 armis
632 1980 838 2012 veterum
881 1969 1199 2015 Britannorum
1234 1971 1348 2016 vide
1387 1970 1558 2016 Thom.
1601 1973 1783 2016 I-learne
1818 1972 1881 2017 N.
1917 1985 2028 2032 393.

91 2029 401 2080 Transastion.
424 2032 725 2097 philosophie.
749 2048 792 2079 et
813 2036 1008 2080 Beniam.
1029 2036 1176 2082 Morte
1197 2054 1309 2086 tom.
1331 2052 1373 2087 2.
1394 2054 1493 2101 pag.
1513 2054 1577 2096 70
1597 2034 1689 2100 sqq.
1758 2041 1826 2084 De
1846 2054 2029 2102 praepa-

93 2104 267 2149 ratione
291 2100 343 2146 ad
364 2100 537 2162 proelia
560 2099 740 2165 ipsaque
759 2117 913 2163 pugna
934 2100 1125 2150 viffioria
1145 2119 1189 2150 et
1211 2105 1330 2151 clade
1353 2105 1455 2151 vide
1475 2120 1651 2168 praeter
1674 2104 1874 2169 Lipfium
1897 2105 2026 2151 aliu&-

92 2185 206 2232 que,
245 2169 321 2230 qui
346 2168 401 2212 de
433 2164 591 2213 militia
625 2162 916 2230 scripserunt,
946 2171 1217 2218 Dilherrum
1243 2171 1444 2236 disputat.
1466 2173 1580 2217 acad.
1611 2187 1719 2217 torn.
1749 2188 1790 2219 10
1819 2168 1927 2234 disp.
1953 2187 2024 2231 ¹9.

27 2251 31 2255 ⁴
90 2239 162 2284 De
188 2235 326 2281 modo
347 2234 576 2298 pugnandi
600 2251 651 2280 ex
675 2250 807 2281 curru
837 2230 1005 2283 disserit
1036 2239 1168 2283 etiam
1192 2240 1427 2284 Cluuetius
1459 2255 1555 2300 pag.
1587 2251 1687 2290 ρος.
1756 2240 2027 2286 Germaniae

91 2305 308 2366 antiquae.
381 2305 605 2347 Curruum
631 2293 894 2350 falcatorum
926 2302 1014 2349 siue
1043 2307 1463 2368 currodmpanorum
1495 2309 1534 2333 ¹¹
1566 2298 1923 2368 (δρεπανηφόρα
1954 2306 2025 2356 τέ-

93 2371 286 2435 ,9ρμηποι
319 2386 448 2415 voc-at
478 2368 665 2428 Suidas)
697 2371 916 2430 rationem
944 2386 1120 2434 praeter
1145 2368 1423 2431 Schefferum
1456 2371 1570 2428 ¹libro
1601 2372 1654 2415 de
1694 2388 1742 2417 re
1773 2370 2024 2419 vehiculari

93 2454 322 2491 veterum,
359 2437 662 2484 Stewechium
688 2435 742 2481 ad
767 2440 1004 2499 Vegetium
1036 2456 1075 2496 3,
1104 2453 1178 2498 34.
1260 2440 1402 2487 Henr.
1426 2437 1815 2502 Snakenbotgium
1839 2438 1892 2485 ad
1911 2444 2023 2486 Cur-

91 2507 205 2552 tium
228 2505 303 2552 lib.
331 2520 378 2560 4.
406 2522 497 2568 cap.
519 2519 562 2560 9.
584 2503 807 2549 Raderum
828 2506 881 2550 ad
903 2507 1095 2569 eundem
1117 2505 1191 2554 lib.
1214 2523 1259 2570 4.
1291 2524 1380 2569 cap.
1409 2521 1485 2554 22.
1512 2522 1553 2552 et
1578 2504 1826 2565 Hugon'em
1855 2506 1911 2558 de.
1941 2508 2027 2553 mi-

92 2573 187 2619 litia
208 2570 398 2635 equestri
430 2573 504 2618 lib.
534 2588 572 2619 1.
596 2588 687 2635 cap.
712 2574 754 2618 6.
782 2570 945 2618 refflus
967 2589 1009 2620 et
1036 2571 1212 2620 felicius
1241 2575 1480 2637 explicauit
1509 2577 1587 2619 lac‘.
1610 2571 1869 2620 Perizonius
1896 2578 1949 2622 V.
1969 2576 2020 2626 C,

92 2640 142 2686 in
163 2642 320 2686 Curtio
340 2637 548 2687 aduersus
577 2642 641 2687 10.
662 2637 886 2686 Clericum
915 2641 1142 2687 vindicato
1172 2658 1268 2704 pag.
1298 2647 1386 2704 163
1410 2638 1472 2704 sq.
1545 2642 1657 2687 Vide
1681 2656 1723 2688 et
1749 2644 2018 2706 Interpretee

355 2736 357 2738 -
1015 2710 1045 2754 B
1062 2708 1089 2754 b
1962 2709 2020 2756 ad

165 2776 199 2796 ¹¹
228 2772 288 2813 De
312 2767 448 2815 fidentis
479 2770 640 2818 nauibus
660 2767 737 2816 siue
756 2768 917 2816 falcibus
940 2764 1097 2816 nauium
1125 2725 1213 2815 dide
1231 2769 1479 2828 Stephanium
1505 2788 1592 2830 pag.
1615 2774 1668 2826 88
1690 2773 1812 2830 sq.,ad
1832 2775 2032 2825 Saxonem-

20 2832 26 2833 ⁷
89 2826 403 2876 Grammaticum.
