2263 3027
439 76 743 137 DEORVM
777 77 1063 132 GRADVS
1096 74 1292 131 VARII
1327 77 1422 130 ET
1454 77 1754 137 GENERAA.
1980 96 2079 146 355

149 205 319 273 pitibus
347 207 536 273 appingi
556 201 846 258 consueuere,
876 206 969 253 Ien.
1001 210 1140 264 1699.
1177 220 1248 254 ιε.
1319 209 1383 253 Io.
1416 203 1578 252 Daniel
1609 204 1760 251 Maior
1785 204 1834 251 in
1865 201 2077 267 Serapide

147 275 344 329 radiate,
378 276 584 323 Barthius
613 275 729 320 LIV.
756 286 829 330 17.
887 269 1120 327 Aduersar.
1152 277 1432 333 Begerus-T.
1457 291 1511 321 2.·
1531 269 1724 319 thesauri
1752 269 2002 319 Brandenb.
2032 287 2080 336 p.

102 366 118 403 χ
155 351 265 405 528.
296 347 354 390 T.
388 359 431 404 3.-
451 353 502 408 p:
517 357 630 406 444.
697 336 905 386 Nicafius,
932 340 986 388 de
1011 357 1151 386 numo
1180 343 1379 389 Pantheo
1398 341 1621 389 Hadriani
1645 357 1688 405 p.
1715 353 1788 395 29.
1811 337 1899 404 seq.
1967 341 2079 402 Spo-

150 414 252 463 nius
265 408 451 458 Miscell.
471 427 515 476 p.
543 417 656 464 285.
694 407 850 454 Iuni-us
871 407 926 454 de
945 406 1122 474 pigiura
1142 412 1359 466 Veterum
1380 427 1423 475 p.
1440 426 1513 474 ²4·
1585 410 1794 461 Solerius‚
1817 405 1927 463 flue,
1952 407 2080 454 Theo·

107 474 132 482 '⁴
140 479 283 547 philus
317 479 576 542 Raynaudus
603 475 658 521 de
688 475 833 541 pileO,
869 473 968 523 sest
1008 485 1078 533 18.
1154 477 1390 524 Kircherm
1418 473 1607 525 Obelisc.
1638 475 1859 540 Pamphil.
1891 491 1934 540 p.
1962 482 2075 530 282.

81 593 84 596 .
148 548 467 595 Ioan.Behnzius
488 545 542 591 de
560 542 728 590 nimbis
749 540 1017 592 sanfiiorum.
1035 545 1241 608 Regiom.
1266 553 1400 608 ¹716·
1468 548 1654 591 Huetius
1680 543 1735 591 ad
1751 541 2079 603 Anthologiam

149 631 197 684 p.
220 624 291 678 38.
313 614 393 662 vbi
411 615 555 666 notat,
592 611 806 676 opercula
824 610 1066 660 simulacris
1087 611 1316 679 imposita,
1352 628 1402 659 vt
1412 610 1759 678 protegerentur
1779 610 1831 658 ab
1857 609 2081 656 imbribus

150 694 196 729 e't
218 685 369 730 auium
389 675 696 735 contumeliis,
736 680 811 727 vel
841 681 896 728 ad
925 683 1144 729 maiorem
1171 683 1322 746 operis
1353 682 1625 743 dignitatem,
1698 683 1910 726 Ceterum
1942 675 1971 723 fi
2000 679 2080 743 qui

151 751 459 817 depinguntur
481 747 698 814 capitibus
717 750 917 805 radians,
954 750 1000 796 id
1021 763 1286 811 argumento
1311 747 1392 802 est,
1430 766 1527 796 eam
1557 746 1779 813 pisturam
1801 743 1901 812 post
1921 762 2081 792 eorum

77 816 85 823 ’
149 818 327 873 obitum
342 814 504 873 ‚faciam
526 814 622 864 effe.
691 820 816 864 Nam
834 814 1275 883 viuentes-personae
1296 815 1507 870 illustres,
1546 814 1685 862 ficubi
1700 813 2080 879 depingebantur,

148 887 203 934 ad
225 900 355 951 caput
384 884 550 932 tabulae
569 886 810 949 quadratae
826 887 1171 949 fimilitudinem,
1209 885 1333 951 quod
1365 886 1561 932 viuentis
1592 882 1760 945 insigne
1793 882 1873 936 est,
1910 878 2082 947 praefe-

146 953 326 1011 rebant,
362 970 458 1001 non
480 953 720 1008 coronam,
755 970 806 1000 vt
835 972 888 1000 ex
923 956 1102 1001 loannis
1124 955 1315 1001 Diaconi
1346 952 1444 1000 Lib.
1468 957 1546 999 IV.
1576 951 1631 998 de
1667 953 1758 998 vita
1779 951 1993 1014 Gregorii
2016 951 2082 996 M.

146 1027 183 1070 c.
209 1029 285 1081 84.
318 1017 522 1068 obseruat
563 1025 682 1068 Ioan.
719 1018 1016 1070 Mabillonius
1055 1040 1100 1088 p.
1136 1038 1194 1083 23
1212 1040 1246 1068 1.
1283 1023 1457 1068 itineris
1492 1020 1646 1068 Italici.
1715 1021 1896 1064 Lumina
1930 1033 2083 1065 coram

146 1089 418 1153 imaginibus
441 1090 497 1136 de
519 1089 589 1136 die
606 1090 795 1152 accenfh,
828 1105 879 1137 vt
897 1105 1072 1156 praeter
1095 1090 1205 1136 alios
1228 1090 1364 1137 docet·
1378 1094 1423 1137 B.
1447 1091 1635 1139 Ioannes
1657 1090 1764 1134 Faes
1796 1086 1912 1132 libro
1938 1087 1991 1133 de
2016 1101 2083 1131 ce-

147 1159 234 1205 reis
255 1155 588 1223 baptismalibus
620 1175 666 1224 p.
695 1173 709 1204 ῐ
726 1173 797 1218 30.
820 1155 909 1223 seq.
977 1159 1198 1206 Sollemni
1228 1159 1360 1206 etiam
1390 1175 1563 1223 pompa
1593 1155 1932 1220 circumgestatae
1960 1158 2083 1200 Deo-

145 1242 250 1272 rum
274 1226 490 1287 imagines
510 1226 585 1272 vel
604 1231 648 1272 in
665 1225 813 1288 thenfis
835 1226 1173 1281 εἰνειιηιιὶτιέῖαε,
1210 1227 1265 1274 de
1289 1243 1379 1291 quo
1403 1230 1464 1274 Io.
1487 1221 1725 1272 Scheferus
1755 1224 1809 1270 de
1829 1240 1878 1270 re
1901 1223 2083 1269 vehicu-

61 1347 65 1351 μ
145 1292 230 1340 lari
249 1307 457 1338 veterum
474 1295 531 1337 11.
566 1308 640 1348 24.
677 1307 722 1337 et
741 1291 920 1339 illustris
949 1296 1021 1339 vir
1040 1293 1277 1341 Gisbertus
1299 1298 1503 1358 Cuperus
1525 1295 1574 1340 in
1604 1296 1886 1356 Harpocrate
1906 1307 1949 1355 p.
1981 1303 2083 1348 130.

150 1365 257 1418 16‘5.
279 1356 367 1422 seq,
444 1355 868 1420 Cangiigloffarium
881 1362 1103 1406 Graecum
1136 1361 1183 1405 in
1214 1359 1539 1425 ποξτὸμορφος.
1639 1357 1862 1407 Meurfius
1887 1359 1933 1403 in
1947 1360 2085 1405 Grae-

148 1427 216 1474 cia
239 1422 395 1473 feriata
413 1441 458 1490 p.
482 1442 525 1483 4.
548 1440 629 1473 etc.
675 1428 739 1472 Io.
768 1423 987 1475 Taffinus*
1002 1426 1058 1473 de
1081 1442 1201 1473 anno
1223 1424 1432 1473 saeculari
1462 1431 1521 1475 T.
1544 1434 1586 1482 8.
1617 1423 1810 1472 thesauri
1841 1428 2004 1472 Graev.
2037 1440 2082 1488 p.

150 1508 261 1553 549.
290 1507 395 1551 551.
426 1511 447 1553 ς
462 1507 534 1552 53.
600 1492 820 1555 Lustratqe
839 1494 971 1539 etiam
992 1490 1181 1539 subinde
1199 1495 1416 1555 imagines
1438 1509 1481 1541 et
1500 1508 1713 1559 purgatae
1735 1491 1985 1555 ablataeque
2003 1488 2085 1537 sol-

144 1559 287 1607 lemni
308 1560 423 1615 ritu,
462 1555 622 1606 confer
638 1559 856 1606 Matthiae
884 1561 1248 1607 Zimmermanni
1272 1560 1479 1608 Analeffia
1500 1579 1543 1626 p.
1567 1572 1642 1617 64.
1655 1557 1744 1624 seq.
1778 1557 1854 1606 sed
1872 1561 2083 1624 inprimis

61 1674 64 1676 ,
144 1630 223 1676 Ez.
245 1628 507 1691 Spanhemii
539 1629 916 1692 commentarium
949 1626 1290 1675 eruditiffimum
1319 1629 1373 1676 ad
1393 1629 1637 1676 Calimachi
1661 1629 1888 1690 hymnum
1912 1631 1966 1672 V.
2005 1627 2084 1691 qui

146 1694 275 1750 estin
298 1694 480 1741 Palladis
501 1694 739 1741 lauacrum.
773 1747 777 1751 ,
807 1697 921 1742 Non
956 1696 1218 1743 dubitarunt
1249 1697 1382 1743 etiam
1415 1697 1624 1742 miracula
1645 1695 1858 1759 quaedam
1881 1696 2084 1756 imagini-

144 1762 229 1810 bus
249 1765 450 1809 Deorum
474 1765 729 1809 Dearumue
740 1764 903 1824 Pagani
924 1762 1173 1826 adfingere,
1209 1764 1386 1829 vtapud
1406 1765 1696 1812 Plutarchum
1711 1762 1902 1815 Camillo
1916 1776 2030 1826 p-.¹·3
2044 1779 2082 1810 2.

144 1832 390 1883 memorari
409 1830 559 1876 Videas
581 1825 771 1896 ἱδρῶτας
789 1830 1088 1893 οἱγωλμοὶταὶν
1107 1830 1339 1884 πολλάκις
1358 1831 1648 1898 ἐκχυθέντας
1661 1869 1673 1888 ,
1713 1828 1947 1894 ςενοιγμὲς
1967 1829 2083 1882 εἰπο-

148 1896 326 1964 ςξοφοὶς
349 1918 402 1949 τε
425 1919 500 1960 χρη
519 1897 828 1958 καταμυῆσεις
850 1898 1014 1968 ξοάνων
1024 1900 1566 1964 3fitdoresfimulac'rornm
1580 1900 1699 1963 ‚haud
1714 1917 1822 1945 raro
1843 1898 2000 1960 efficsbs,
2013 1915 2084 1964 ge-

145 1970 304 2021 mitus,
333 1966 564 2027 azg'erfiones
581 1979 623 2011 et
632 1967 765 2031 gestus
773 1968 1100 2030 simulacrorum
1120 1974 1404 2017 annuentimn.
1481 1965 1667 2022 Confer,
1684 1985 1794 2032 quae
1815 1966 1869 2021 de
1890 1962 2083 2012 Veneris

40 2033 61 2053 ²
120 2095 122 2097 Ι
146 2034 343 2094 imagine
365 2029 625 2082 miraculosa
644 2035 901 2082 Athenaeus
923 2039 1019 2082 XV.
1051 2054 1094 2102 p.
1123 2043 1233 2095 676.
1266 2052 1308 2088 et
1331 2037 1385 2084 de
1404 2038 1601 2098 imagine
1622 2034 1830 2082 fortunae
1851 2033 2083 2081 muliebriss

146 2101 331 2166 loquuta
349 2098 592 2165 Dionysius
614 2102 759 2150 Halic.
782 2102 856 2152 lib.
875 2112 916 2160 8.
938 2122 982 2169 p.
1007 2112 1114 2161 526.
1138 2105 1192 2151 de
1205 2105 1300 2152 aliis
1320 2098 1591 2167 imaginibus
1614 2104 1827 2151 medendi
1849 2104 1895 2148 vi
1910 2102 2083 2167 praedi·

146 2169 228 2223 tis,
264 2183 309 2215 et
328 2167 643 2214 diuinatoriam
662 2170 760 2215 vim
788 2172 1081 2239 impertiendi
1104 2164 1325 2225 Lucianus
1355 2175 1403 2220 in
1423 2178 1630 2219 Deorum
1651 2171 1862 2222 Concilio
1890 2174 1946 2216 T.
1971 2184 2011 2219 2.
2036 2186 2081 2234 p.

146 2251 263 2295 714.
333 2238 402 2282 De
423 2235 620 2300 imagine
639 2231 899 2298 sanguinem
921 2236 1103 2287 sudante
1130 2242 1288 2287 Cicero
1322 2258 1359 2291 ι.
1384 2241 1438 2287 de
1456 2241 1639 2287 diuinat.
1709 2240 1809 2288 Alia
1829 2238 2080 2285 fimuiacro·

148 2316 252 2355 rum
281 2300 533 2350 sudantium
568 2304 773 2367 exempla
794 2307 974 2369 collegit
993 2300 1332 2354 Freinshemius
1359 2309 1413 2355 ad
1433 2308 1558 2355 Flori
1581 2311 1640 2356 ΙΙ.
1674 2315 1715 2363 8.
1738 2322 1781 2354 2.
1850 2304 1936 2351 Sed
1947 2316 1954 2357 ᾗ
1967 2302 2080 2350 illud

148 2371 332 2435 quidem
356 2389 380 2418 a
403 2370 593 2417 naturali
613 2369 748 2418 cauffa
767 2372 990 2438 proficisci
999 2377 1173 2442 potuit,
1208 2391 1259 2422 vt
1271 2393 1325 2422 ex
1336 2375 1643 2441 Theophrasti
1656 2379 1711 2422 V.
1743 2389 1812 2422 ιο.
1836 2370 1932 2418 hist.
1953 2372 2080 2436 pian-

149 2449 231 2485 ταν.
249 2454 292 2486 et
311 2442 390 2487 IV.
413 2455 458 2497 4,
489 2438 544 2485 de
565 2439 816 2503 plantarum
839 2440 987 2490 cauffis
1018 2446 1192 2490 notauit
1218 2444 1517 2509 Spanhemius
1539 2442 1658 2488 iibro
1693 2440 1868 2486 laudato
1897 2438 2079 2504 pj'527.

150 2505 278 2553 Idem
300 2523 455 2555 monet
474 2506 739 2553 Plutarchus
763 2509 812 2554 in
832 2511 1098 2569 CoriolanO,
1121 2507 1152 2557 f.
1177 2525 1289 2569 232.
1321 2512 1401 2557 vbi
1434 2528 1525 2556 non
1557 2509 1687 2555 audet
1714 2505 1851 2554 fidem
1878 2505 2078 2553 tribuere

63 2583 66 2586 ’
149 2573 204 2620 iis
225 2576 304 2638 qui
319 2575 526 2641 loquutas
538 2576 670 2623 etiam
694 2577 910 2639 imagines
929 2576 1204 2629 affirmarunt
1216 2613 1230 2636 ‚
1270 2575 1886 2642 cuiusmodipluraexempla
1900 2575 2080 2636 collegit

318 2657 322 2663 '
1096 2648 1136 2690 Y
1155 2663 1186 2709 y
1209 2659 1235 2693 2
1592 2652 1597 2657 “
1884 2677 1889 2681 -
1951 2643 2081 2687 Chri-

140 2728 342 2782 ’stophanis
355 2745 443 2773 aues
461 2731 555 2776 ‘varst
583 2744 700 2786 1114.
759 2733 871 2773 Alex.
882 2730 1158 2773 Wilthemium
1169 2730 1217 2773 ad
1228 2728 1684 2789 diptyschonLeodiense²
1705 2743 1743 2785 p.
1757 2740 1821 2773 20.
1841 2728 2077 2770 'etFlorentis

147 2784 353 2828 Christiani
362 2798 473 2830 notas
487 2789 535 2830 ad
545 2787 936 2845 Aristophanisaues,
957 2801 1047 2843 pag.
1071 2800 1190 2842 1114.
1411 2797 1413 2800 ’
