2263 3027
193 123 295 181 728
369 114 520 168 CAP.
555 111 691 168 xiv.
761 107 1097 170 HOMINE&
1138 107 1698 178 Q⁷tl³R1NC11>VM
1733 110 2012 168 PERSON.
2046 128 2139 169 ete.
2223 94 2228 99 ’

194 238 330 289 fieurs
353 241 568 288 hommes
581 238 637 286 de
657 251 788 286 neant
818 237 874 285 de
893 237 1261 296 toutes'nations,
1297 238 1376 304 qui
1404 252 1485 285 ont
1507 234 1673 302 vsurpe
1697 237 1736 284 la
1756 238 1923 302 qualite
1942 238 2018 287 des
2034 242 2140 288 Em-

194 325 403 375 pereurs,
441 310 566 371 Roys
596 321 639 354 et
665 308 846 354 Princes
877 321 920 352 et
952 306 1008 356 de
1034 322 1240 368 guerres,
1280 306 1409 370 qu'ils
1441 320 1522 352 out
1554 302 1737 352 causees.
1767 303 1896 354 Paris.
1929 313 2065 367 1679.
2097 323 2140 354 et

196 375 305 423 aust.
329 373 573 422 Amstelod.
602 382 739 431 1682.
768 388 840 425 12.
870 389 913 420 et
936 373 1154 420 Bruxellis
1186 384 1322 434 1728.
1350 381 1392 429 8.
1470 373 1655 440 Baptzsta
1675 374 1864 438 Fugofics
1885 374 1962 420 lib.
1985 392 2027 430 .9
2053 375 2158 421 me?

196 442 402 491 morabil.
425 445 567 507 capite
588 442 766 489 vltimo.
838 444 894 488 Io.
921 441 1152 489 Schmidius
1172 443 1219 487 in
1252 439 1414 488 differt.
1437 441 1492 487 de
1521 438 1992 505 Pseudoprincipibus.
2021 438 2141 506 Lips.

206 517 346 572 1695.
425 514 598 558 Ioannes
620 512 893 576 mearckius
916 510 963 556 in
982 508 1169 556 diatriba
1194 508 1249 555 de
1268 505 1517 574 'personatis
1541 508 1750 569 Regibus,
1769 507 1918 573 Vpsal.
1947 516 2144 570 1703.8.

193 580 390 641 ¹vulgata.
458 578 651 640 Ernestus
670 579 830 625 salomo
859 581 1093 644 Cyprianus
1124 576 1180 622 de
1212 575 1410 638 Regibus
1444 574 1670 629 subditii8‚
1709 577 1758 621 in
1788 579 1880 639 eius
1908 580 2145 639 Program·

195 647 390 693 maribus
411 642 580 693 selef’tis
593 645 795 708 Coburgi
823 655 960 707 ¹708·
987 651 1029 700 8.
1049 644 1178 691 editis
1198 660 1241 708 p.
1256 652 1318 702 96
1339 642 1430 707 sqq.
1504 644 1732 691 Martinus
1746 647 1937 710 Lipenius
1958 646 2004 690 in
2023 643 2143 690 libro

197 715 400 767 inedito,
435 730 570 777 quem
598 714 653 760 de
684 714 772 760 hoc
805 727 1071 774 argumento
1104 728 1272 775 compo
1323 713 1358 757 it
1381 728 1424 758 et
1446 711 1649 759 Lubecae
1679 709 1893 758 asseruant
1916 713 2144 759 haeredes.

202 783 330 830 Idem
370 796 689 844 argumentum
730 796 918 843 tangunt
957 782 1090 826 etiam
1132 782 1224 825 Adr
1312 796 1346 825 ts
1381 779 1585 827 Bailletus
1624 779 1698 824 des
1730 794 1904 825 auteurs
1938 777 2145 841 deguisez

196 867 243 915 p.
266 867 309 911 4.
339 866 375 897 c.
403 865 442 896 2.
516 852 731 897 Henricus
766 848 996 914 Stephanus
1017 844 1297 912 praefatione
1330 847 1384 892 ad
1417 846 1688 909 Apologiam
1722 847 1952 894 Herodoti
1987 847 2146 909 gallice

197 915 423 983 scriptam.
493 919 608 964 Ioan.
631 913 788 964 Burc'h.
807 919 1075 962 Menckenius
1098 916 1145 960 in
1169 911 1544 960 dissertationibus
1564 914 1788 960 litterariis
1809 931 1909 978 pag⁴
1934 930 2026 971 192
2051 912 2144 978 sqq.

200 983 708 1035 IoannesssHildebrandus
729 985 775 1029 in
800 979 970 1030 Pseudo
985 986 1020 1029 F
1021 982 1240 1035 riderico,
1275 980 1361 1027 siue
1387 981 1622 1027 comoedia
1644 982 1698 1027 de
1720 982 1970 1045 impostore
1992 983 2146 1031 Fride-
2240 1025 2243 1030 ,

199 1054 347 1101 ticum
370 1056 424 1101 ΙΙ.
447 1049 674 1098 Caesarem
695 1048 739 1097 se
762 1052 981 1097 ementito
1004 1049 1258 1111 molitoque
1280 1046 1547 1102 faRionem,
1584 1065 1715 1110 quam
1737 1047 1956 1113 diffipauit
1976 1050 2145 1107 Rudol->

200 1122 320 1186 phus
350 1121 383 1168 1.
409 1120 672 1185 Imperator.
693 1118 934 1180 Tubingae
971 1125 1112 1176 1598.
1136 1124 1179 1170 8.
1267 1116 1523 1178 Chrzstianus
1543 1117 1746 1162 Ft'ottivell
1765 1114 2037 1181 disput-arion
2058 1117 2143 1165 bus

199 1189 318 1236 binis
339 1188 393 1234 de
405 1184 1181 1250 Pseudoprincipibus.Regiomonti
1208 1198 1227 1230 1
1243 1190 1348 1239 706.
1373 1198 1415 1228 et
1435 1183 1596 1246 Christi.
1611 1185 1839 1231 Iunclterus
1850 1185 1896 1231 in
1911 1201 2146 1248 program-

196 1245 337 1309 mate,
374 1255 496 1318 quod
519 1251 744 1319 praemisit
766 1251 883 1299 acini
912 1253 1112 1298 oratorio
1147 1247 1312 1297 Isenaci
1343 1258 1483 1311 1708.
1520 1247 1651 1297 folio.
1675 1250 1731 1297 de
1758 1251 1990 1298 conatibus
2017 1251 2146 1317 pseu·

199 1324 527 1387 doprincipum
556 1324 603 1367 in
636 1319 882 1385 Republica
912 1319 966 1366 ad
993 1319 1156 1366 Velleii
1186 1318 1265 1367 lib.
1297 1334 1332 1364 1.
1365 1336 1400 1364 c.
1423 1321 1498 1364 XI.
1527 1332 1565 1365 1.
1634 1321 1687 1364 In
1707 1318 1787 1364 illo
1807 1321 2146 1381 Programmate

195 1390 445 1440 Iunckerus
465 1386 633 1443 disserit
654 1389 709 1436 de
729 1387 999 1453 impostore,
1031 1390 1110 1452 qui
1131 1393 1183 1434 A.
1217 1400 1354 1447 1502.
1377 1403 1518 1450 quum
1542 1382 1646 1433 effer
1665 1384 1899 1450 acupistor
1918 1386 2146 1449 (Θεῃῠεηε

197 1459 347 1520 sticfet„
387 1460 445 1507 ita
467 1462 513 1505 Β.
534 1458 761 1505 Lutherus
783 1460 842 1503 T.
866 1465 906 1512 8.
929 1455 1108 1507 Altenb.
1132 1471 1174 1519 p.
1198 1461 1242 1511 8.
1269 1454 1372 1501 licet
1393 1455 1608 1518 Cyriacus
1629 1453 1950 1518 Spangenberg
1969 1469 2141 1519 p.247.

199 1527 421 1574 Chronici
439 1522 833 1588 Hennebergenfis
852 1521 966 1571 ferat
987 1520 1116 1571 fuiffe
1140 1520 1418 1584 carnificem)
1437 1523 1686 1570 venditauit
1704 1519 1748 1568 se
1770 1524 1998 1569 Comitem
2012 1526 2146 1571 Hen-

196 1591 519 1656 nebergensem
534 1626 547 1648 ‚
581 1609 624 1640 et
645 1592 697 1639 ab
719 1590 1053 1639 Erfurtenfibus
1075 1590 1340 1639 Academiae
1371 1588 1539 1637 Refior
1563 1590 1753 1636 honoris
1776 1588 1914 1637 cauffa
1935 1589 1996 1637 est
2027 1608 2146 1639 crea-

199 1677 283 1708 tus.
349 1665 419 1708 De
445 1659 726 1727 supposititio
751 1675 884 1725 partu
913 1676 998 1725 pro
1023 1660 1231 1724 principe
1259 1658 1490 1706 venditato
1512 1655 1771 1722 Christoph.
1790 1660 1935 1706 Gottl.
1957 1664 2144 1707 Wenze-

199 1730 287 1774 lius
307 1731 354 1775 in
379 1731 761 1776 commentatione
784 1729 839 1775 de
866 1728 1157 1793 periculo-ex
1176 1742 1307 1791 partu
1329 1724 1611 1792 supposititio
1631 1722 1817 1771 familiis
1837 1721 2144 1787 ordinumque

201 1788 493 1856 dignitatibus
529 1797 800 1850 metuende,
842 1813 953 1859 quae
981 1782 1118 1843 exstat
1152 1799 1292 1844 Tom.
1320 1808 1360 1853 3.
1393 1789 1514 1838 misc.
1535 1788 1656 1854 Lips.
1685 1807 1784 1854 pag.
1810 1803 1917 1854 179.
1996 1791 2144 1839 Poste-

201 1866 294 1911 rius
317 1880 633 1924 argumentum
655 1862 914 1928 persequuti
941 1861 1043 1923 sunt
1063 1863 1289 1922 Georgius
1308 1855 1513 1906 Paschius
1542 1860 1566 1908 ὅ
1595 1859 1856 1922 μακαρίτης
1877 1857 2065 1905 diatriba
2085 1860 2144 1909 de

199 1929 314 1977 ficiis
350 1931 695 1995 Rebuspublicis
730 1932 845 1977 edita
875 1931 1080 1978 Kiloniae
1119 1935 1257 1990 1704.
1338 1926 1525 1973 Carolus
1552 1926 1752 1972 Arndius
1785 1928 1832 1971 in
1863 1924 2143 1989 Bibliotheca

199 1998 438 2046 Heraldica
463 1997 673 2044 Rostocli.
704 2013 841 2059 1705.
867 2004 909 2052 8.
938 2014 984 2061 p.
1012 2010 1108 2053 400
1130 1992 1188 2058 sq.
1219 2009 1262 2041 et
1286 1994 1406 2042 loan.
1429 1996 1599 2054 Georg.
1621 1993 1802 2052 lochius
1823 1993 1872 2040 in
1903 1991 2066 2041 differt.
2086 1995 2143 2043 de

198 2067 396 2132 politicis
418 2065 646 2112 idealibus.
715 2062 956 2109 Notiffima
976 2080 1000 2109 e
1019 2060 1256 2109 Veteribus
1284 2059 1345 2108 est
1357 2059 1846 2125 RespublicaPlatoniss
1881 2062 2006 2107 cuius
2023 2064 2142 2109 Poli-

198 2137 257 2180 tia
283 2134 442 2180 decem
476 2131 694 2196 descripta
724 2131 849 2177 libris
879 2132 1126 2177 etiamnum
1160 2128 1318 2180 exstat,
1352 2128 1455 2174 licet
1484 2144 1596 2191 quae
1631 2130 1759 2175 Zeno
1790 2129 1963 2175 Stoicus
1985 2146 2141 2179 contra

196 2199 449 2266 scripserat,
487 2217 530 2248 et
554 2217 665 2264 quae
689 2200 846 2245 Cicero
870 2197 997 2244 libris
1027 2205 1070 2246 6.
1100 2197 1153 2243 de
1172 2196 1417 2261 Republica
1441 2213 1495 2243 ex
1515 2196 1698 2243 Platone
1725 2213 1933 2257 magnam
1964 2213 2142 2260 partem
2260 2216 2263 2241 τ

197 2265 478 2334 expresserat,
499 2271 586 2316 iam
607 2268 785 2332 pridem
809 2266 1134 2313 interciderint.
1190 2267 1263 2312 Ad
1276 2266 1506 2312 Platonem
1531 2261 1710 2328 respicit
1722 2266 1878 2311 Liuius
1890 2267 2141 2318 XXV1.22.

197 2341 291 2385 Non
310 2339 523 2401 equidem,
556 2338 598 2399 fi
620 2353 703 2398 qua
723 2336 783 2396 stt
804 2335 1048 2397 Sapientum
1078 2336 1261 2389 Ciuitas,
1307 2350 1433 2397 quam
1454 2331 1567 2379 doc‘i‘i
1589 2331 1754 2398 fingunt
1773 2336 1907 2396 magis
1926 2349 2053 2395 quam
2072 2351 2142 2380 no·

199 2418 317 2453 runt.
387 2402 799 2463 Ex‘recentioribus
818 2402 998 2448 Thomae
1016 2402 1143 2450 Mori
1164 2402 1330 2466 Vtopia
1351 2403 1438 2449 huc
1459 2401 1656 2466 pertinet
1673 2435 1684 2455 ‚
1720 2401 1922 2466 primum
1943 2402 2139 2449 Louanii

203 2491 220 2521 1
235 2479 342 2529 516.
364 2489 407 2534 4.
431 2474 549 2519 edita
571 2479 619 2512 24
646 2486 688 2518 et
708 2469 870 2516 deinde
893 2469 1061 2534 saepius
1080 2466 1252 2525 recusa,
1291 2485 1421 2534 atque
1447 2471 1579 2516 etiam
1608 2470 1655 2516 in
1687 2466 1915 2534 Operibus
1935 2469 2029 2514 eius
2049 2473 2139 2516 Lo·

198 2542 320 2584 uanii
349 2547 486 2598 1566.
509 2537 578 2587 fol
625 2554 668 2585 et
700 2534 908 2584 Francof.
945 2544 1083 2596 1689.
1109 2533 1189 2583 fol.
1222 2537 1351 2586 editis
1387 2537 1543 2591 obuia,
1579 2536 1704 2584 libris
1734 2533 1909 2583 duobus
1926 2536 2137 2600 pulcher-

199 2607 368 2655 rimum
387 2608 659 2672 reipublicae
678 2604 837 2655 statum
860 2620 1118 2673 exponenS,
1153 2608 1265 2656 etin
1295 2606 1607 2671 germanicum
1627 2603 1882 2654 sermonem
1909 2601 2033 2652 versa
2060 2606 2135 2653 Li·
2206 2652 2211 2654 ⁷

1609 2694 1612 2698 ¹
2019 2671 2138 2738 pfiae

257 2822 297 2849 ²⁴
317 2817 418 2862 vide
436 2819 472 2861 S·
490 2820 519 2861 1.
544 2810 828 2878 Baumgarte'nii
846 2822 1112 2882 maditiditen
1128 2830 1209 2874 voit
1227 2819 1545 2880 incitativam
1563 2816 1754 2876 ffifidietn
1766 2849 1779 2876 ,
1809 2821 1898 2865 voi.
1929 2821 1958 2863 1.
1983 2833 2020 2876 p.
2042 2796 2136 2876 545·
