2263 3027
178 98 275 145 502
580 79 728 131 CAP.
765 79 854 129 xi.
934 78 1112 130 va
1179 78 1275 131 ΕΤ
1343 77 1722 131 THVMMlM.

179 224 295 260 rum,
322 206 375 254 de
399 205 559 270 quibus
582 207 631 251 in
651 209 690 252 S.
713 209 750 254 S.
775 205 962 254 mentio,
983 204 1144 259 Italice²
1165 205 1364 269 Neapoli
1391 219 1539 266 1730,
1566 221 1615 267 4.
1647 206 1838 252 Andreas
1862 207 2036 253 Baccius
2063 206 2120 254 de

179 275 419 322 duodecim
443 275 634 334 gemmis
654 277 695 320 S.
722 275 995 337 Scripturae:
1034 273 1189 320 Bernh.
1210 276 1381 318 Lamius
1404 272 1480 319 lib.
1509 290 1547 334 3.
1571 290 1665 337 cap.
1683 289 1726 329 4.
1752 287 1902 338 p.425
1925 270 2018 337 sqq.
2057 277 2121 320 iri-

183 340 484 390 trodusiionis
507 344 552 386 in
573 344 614 392 S.
638 343 936 404 Scripturam:
959 343 1068 387 Ioan.
1093 342 1200 387 Guil.
1220 344 1402 387 Baierus
1421 339 1481 386 fil.
1502 338 1728 387 Professor
1759 339 2040 387 Altdorfinus
2075 343 2123 388 in

181 408 483 457 dissertatione
505 409 560 455 de
582 406 794 474 sapphiro
819 410 1139 472 S.Scripturae,
1163 405 1361 456 Altdorf.
1393 424 1525 469 1705.
1561 410 1637 472 qui
1668 408 1798 454 lazuli
1821 408 2018 474 lapidem
2041 408 2120 454 illo

184 479 389 524 denotari
411 477 660 530 contendit,
684 493 815 539 atque
835 475 1085 523 Ienenfium
1100 474 1384 541 Aesculapius
1407 474 1766 523 celebratiffimus
1779 479 1985 541 Georgius
2011 475 2127 539 Woff-

176 562 342 611 gangris
371 546 565 591 Wedelius
586 547 631 590 in
650 543 1057 591 Exercitationibus
1078 544 1577 606 Medico-Philologicis
1608 547 1793 594 Centur.
1824 560 1860 593 1.
1886 544 2052 594 Decad.
2074 545 2126 590 X.

188 611 281 660 diss'.
311 629 346 661 1.
378 613 432 659 de
466 610 635 676 Iaspide
669 615 707 658 S.
730 614 1004 676 Scripturae‚
1041 629 1176 676 quem
1210 609 1403 676 disputat
1433 610 1518 659 effe
1547 613 1843 658 adamantem.
1913 613 2058 659 Vrim
2083 626 2126 658 et

186 682 463 728 Thummim
483 681 667 744 quidem
688 681 791 745 (per
809 680 932 745 quod
951 697 1150 742 gemmas
1174 686 1197 719 4
1217 678 1327 744 ipsas
1352 681 1635 726 Aharonitici
1656 677 1909 744 pestoralis‚
1928 683 1981 725 D.
2006 683 2128 727 Ioan.

186 750 407 802 Brennus,
429 751 585 796 Simon
610 749 822 795 Patricius
845 745 1091 812 Episcopus
1124 749 1236 793 olim
1261 746 1446 794 Elienfis
1479 750 1806 794 commentario
1834 749 1881 793 in
1904 746 2130 802 Exodum,

190 818 356 880 aliique
375 817 564 881 plurimi
588 833 689 863 cum
719 816 929 862 Eduardo
952 815 1211 863 Bernhardo
1232 815 1284 862 ad
1306 813 1549 881 Iosephum
1573 833 1670 880 pag.
1703 820 1809 875 176.
1834 816 1937 862 edit.
1959 820 2133 862 Hauer-

192 887 447 949 campianae
468 885 764 945 intelligunt‚)
784 885 903 932 Ioan.
923 886 1151 949 Spencerus
1182 884 1228 928 in
1251 880 1343 930 diss.
1366 883 1421 930 de
1447 886 1577 929 Vrim
1609 900 1652 930 et
1676 885 1952 929 Thummim
1979 886 2134 930 Canta·

188 953 304 1015 brig.
326 957 415 1000 166
425 970 466 1009 9,
489 962 531 1005 8.
552 968 596 998 et
616 953 672 998 de
698 950 873 1012 legibus
892 952 1141 998 Hebraeor.
1165 953 1245 1004 III,
1261 965 1305 1008 7.
1337 951 1515 997 Thomas
1539 950 1761 1014 Hobbefius
1785 946 2135 998 HistorAEccles.

191 1025 246 1077 X,
271 1035 360 1080 275
383 1018 444 1084 sq.
467 1035 509 1066 et
536 1022 650 1068 Ioan.
673 1019 946 1066 Marshamus
967 1033 1127 1081 putant
1152 1013 1544 1080 fuiffeTeraphim
1568 1019 1752 1080 aliquod
1776 1017 2136 1079 fiueimaginem,

193 1090 249 1136 de
272 1088 388 1135 collo
411 1085 660 1153 suspensam
677 1124 689 1143 ‚
722 1087 898 1149 qualem
922 1086 1161 1144 imaginem
1186 1084 1385 1130 veritatis
1415 1083 1468 1130 ab
1491 1087 1722 1148 Aegyptio
1748 1085 1898 1132 Iudice
1930 1082 2140 1147 gestatam

193 1155 405 1204 testantur
428 1158 641 1203 Diodorus
663 1154 824 1200 Siculus
844 1151 920 1198 lib.
940 1170 974 1197 1.
994 1161 1042 1214 p.
1060 1160 1136 1206 68.
1156 1165 1198 1196 et
1216 1152 1411 1197 Aelianus
1425 1154 1544 1205 XIV,
1565 1167 1636 1212 34.
1651 1156 1755 1204 Var.
1779 1152 1892 1199 Hist.
1946 1156 2134 1217 Spence·

195 1242 296 1272 rum
320 1237 586 1288 oppugnant
607 1225 757 1271 Herm.
789 1220 957 1281 Witfins
983 1217 1061 1268 lib.
1089 1235 1127 1267 1.
1153 1234 1245 1282 cap.
1264 1228 1308 1270 8.
1343 1234 1386 1265 et
1408 1219 1483 1265 lib.
1514 1236 1555 1266 2.
1590 1237 1625 1266 c.
1658 1236 1716 1270 10
1744 1217 1805 1284 sq.
1840 1222 2139 1285 Aegyptiaco-
2221 1211 2240 1218 ἢ

198 1311 299 1339 rum
321 1308 361 1338 et
386 1292 461 1338 lib.
481 1305 521 1352 3.
547 1307 581 1336 c.
603 1304 618 1336 1
637 1304 672 1337 1.
697 1285 1224 1354 PhihppusRiboudealdus
1244 1286 1363 1333 libro
1384 1286 1440 1333 de
1462 1288 1595 1333 Vrim
1618 1302 1660 1334 et
1671 1289 1947 1341 Thummim
1964 1293 2140 1337 Genev.

207 1381 222 1406 1
237 1367 346 1418 685,
379 1373 453 1408 12.
477 1362 531 1404 D.
560 1360 672 1404 Ioan.
695 1354 941 1403 Benedic‘z‘m
963 1358 1223 1420 Carpzouins
1241 1355 1294 1401 ad
1316 1354 1578 1401 Schickardi
1609 1356 1677 1401 ius
1710 1358 1908 1417 regium.
1962 1355 2141 1403 ebraeo-

200 1445 301 1474 rum
326 1444 428 1493 pag.
449 1443 514 1488 44
535 1423 626 1490 seq.
666 1426 780 1472 loan.
806 1426 942 1470 Henr.
963 1425 1111 1468 Maius
1130 1425 1187 1467 T.
1218 1439 1253 1471 t.
1275 1419 1467 1470 sele‘Ctar.
1489 1425 1733 1479 Exercitat2
1745 1421 1853 1472 Diss‘.
1886 1439 1904 1471 1
1920 1460 1957 1470 -.
1978 1441 2020 1489 p.
2040 1439 2104 1484 43
2119 1439 2135 1472 1

203 1494 296 1559 sqq.
336 1497 497 1543 Salomo
519 1495 762 1558 Deylingius
787 1489 964 1538 observ.
985 1487 1090 1536 sacr.
1110 1505 1235 1554 parte
1250 1503 1291 1539 2.
1316 1488 1409 1539 obs.
1437 1504 1510 1552 32.
1536 1498 1619 1551 §7.
1653 1494 1766 1539 Ioan.
1783 1493 2008 1540 Marckius
2022 1507 2142 1538 exer·

204 1567 275 1612 cit.
298 1579 444 1626 exget.
473 1578 547 1611 22.
570 1579 614 1627 p.
632 1575 719 1619 325
739 1557 831 1624 sqq.
851 1561 1021 1607 Frider.
1041 1557 1370 1626 Adolph.Lampe
1388 1559 1434 1605 in
1457 1561 1662 1607 oratione
1681 1560 1930 1622 inaugurali
1943 1560 1997 1606 de
2011 1561 2144 1607 Vrim

205 1649 247 1679 et
267 1632 571 1678 Thummim:
592 1635 775 1676 Bremae
797 1642 932 1688 1727,
945 1643 989 1688 4.
1028 1623 1294 1673 Cherubinus
1314 1644 1340 1674 a
1356 1629 1397 1673 S.
1421 1627 1582 1694 Iofipho
1597 1631 1658 1676 T.
1673 1641 1715 1680 2.
1736 1644 1970 1693 apparatus
1989 1626 2147 1674 biblici

204 1718 249 1764 p.
271 1714 365 1761 433
391 1696 482 1762 sqq.
517 1701 674 1746 Petrus
696 1699 865 1743 Iurieus
885 1692 1042 1741 histor.
1069 1695 1334 1755 dogmatum
1353 1708 1397 1741 et
1416 1695 1619 1741 cultuum
1648 1710 1773 1758 parte
1798 1713 1835 1750 3.
1857 1712 1891 1741 c.
1907 1708 1949 1743 2.
1976 1712 2018 1758 p.
2044 1708 2145 1755 454

206 1765 301 1830 sqq.
335 1764 514 1813 Gottlieb
542 1761 842 1824 Wernsdorfius
861 1764 907 1809 in
930 1758 1139 1809 dissertat.
1171 1761 1226 1808 de
1253 1762 1604 1809 reuelationibus
1637 1761 1972 1826 earundemque
1999 1763 2144 1808 varie-

208 1850 310 1890 tate,
328 1838 391 1880 -T
392 1866 405 1881 .
433 1851 469 1881 1.
495 1830 719 1881 Differtat.
737 1834 832 1879 eius
859 1828 1050 1877 iunstim
1079 1829 1300 1876 editarum
1317 1845 1426 1892 pag.
1448 1842 1538 1889 751
1567 1826 1659 1892 sqq.
1699 1827 1859 1878 Bernh.
1880 1830 2146 1892 Hermkhzgv-

183 1903 274 1965 'sbn
293 1903 338 1947 in
359 1899 477 1947 libro
503 1899 695 1961 belgicO,
716 1902 802 1945 Lex
827 1897 1108 1952 Vmbrarum,
1128 1913 1228 1960 pag.
1254 1905 1346 1959 398
1370 1893 1465 1959 sqq.
1484 1912 1527 1943 et
1548 1899 1705 1942 Petrus
1728 1900 1913 1942 Zorm'us·
1935 1895 2147 1944 biblioth.

211 1970 635 2032 antiquarioexeget.
656 1984 755 2031 pag.
771 1982 866 2024 712
882 1963 978 2033 sqq.
1016 1964 1134 2010 Vide
1157 1965 1287 2009 etiam
1310 1961 1362 2009 sis
1385 1964 1439 2010 de
1459 1965 1592 2010 Vrim
1615 1979 1658 2010 et
1677 1965 1953 2011 Thummim
1964 1964 2147 2011 Suidam

211 2040 260 2085 in
282 2031 462 2099 Ἐφούδ,
487 2035 865 2081 Exercitationem
888 2033 1003 2080 Ioan.
1025 2029 1240 2091 Buxtorfii
1258 2028 1388 2096 supra
1407 2047 1576 2096 p.497.
1597 2032 1829 2080 laudatam.
1866 2033 1992 2081 Frid.
2007 2035 2149 2086 Viccii‚

213 2104 397 2153 Witteb.
423 2109 560 2163 1669.
596 2104 711 2151 Ioan.
736 2100 1025 2166 Chriflophori
1049 2098 1470 2161 Wichmannshaufi’n,
1495 2099 1602 2147 ibid.
1629 2114 1772 2162 1701.
1812 2103 1867 2146 Io.
1882 2099 2016 2147 [acobi
2034 2104 2145 2146 Gan-

212 2174 432 2235 tefitillerii
456 2170 823 2218 dilucidationem
847 2165 1056 2230 Mysterii
1077 2169 1208 2214 Vrim
1230 2182 1271 2212 et
1295 2168 1585 2224 Thummim,
1609 2172 1791 2215 Hanov.
1818 2175 1958 2229 1675.
1987 2167 2152 2214 laudati
2229 2182 2256 2227 j:

225 2242 388 2289 Wedelii
413 2241 593 2286 Centur.
619 2255 663 2286 2.
700 2237 849 2285 decur.
872 2251 909 2296 3.
932 2237 1309 2282 Exercitationem
1334 2252 1376 2296 7.
1408 2253 1509 2301 pag.
1534 2242 1589 2294 65
1618 2233 1706 2301 seq.
1725 2238 1841 2285 Ioan.
1866 2235 2078 2282 Clericum
2098 2234 2151 2282 ad

215 2309 365 2358 Exodi
387 2309 596 2360 XXVIII,
622 2321 694 2369 30.
719 2320 761 2351 et
783 2307 926 2352 Num.
947 2307 1130 2358 XXVII,
1153 2317 1230 2354 21.
1253 2305 1322 2350 cui
1345 2304 1456 2350 illud
1477 2304 1658 2350 videtur
1679 2301 1808 2357 fuisse
1839 2313 2153 2369 torques'mar-
2240 2300 2244 2302 ’

219 2380 465 2448 garitarum
498 2390 540 2423 et
571 2373 972 2429 carbunculorum,
1006 2388 1078 2419 aut
1107 2372 1330 2419 eiusmodi
1357 2389 1654 2434 gemmarum,
1684 2389 1775 2437 quo
1796 2389 1937 2437 quum
1972 2387 2153 2430 ornatus

2051 2436 2156 2486 esset

279 2575 299 2601 ⁴
327 2569 463 2622 Caspai·
483 2568 752 2611 Numanum,
778 2564 1024 2604 Vratislauiae
1040 2561 1122 2604 suae
1141 2563 1234 2604 olim
1253 2562 1390 2609 decus,
1416 2562 1454 2603 in
1486 2562 1572 2616 biga
1597 2560 1866 2603 difficultatum
1897 2558 2083 2600 sacrarum
2108 2559 2157 2600 de
2216 2602 2224 2607 ,

227 2626 394 2682 gemmis
415 2624 522 2662 Vrim
547 2633 583 2662 et
607 2621 835 2662 Thummim
858 2621 966 2661 dinis
988 2631 1024 2660 et
1043 2620 1091 2660 de
1111 2619 1195 2661 cibo
1212 2622 1398 2661 Samariae
1418 2617 1605 2666 obsessae,
1629 2617 1872 2659 Vratislauiae
1899 2628 2024 2669 1707,
2042 2627 2082 2668 4.
2110 2627 2157 2655 ex

215 2680 314 2733 'ipso'
331 2679 485 2719 nomine
509 2677 580 2717 hoc
599 2677 795 2732 ingeniose
814 2677 988 2728 colligit,
1017 2676 1091 2727 dici
1123 2678 1223 2716 enim
1243 2687 1414 2731 gemmas
1441 2676 1543 2715 Vrim
1570 2673 1673 2727 quod
1699 2671 1921 2724 splendeant
1942 2682 1976 2711 et
1999 2673 2157 2720 luceant,

234 2734 442 2778 Thmnmim
466 2745 574 2779 vero,
602 2733 706 2783 quod
725 2747 853 2773 earum
881 2730 1107 2786 suspetficies
1131 2731 1173 2772 fit
1192 2734 1300 2785 plana
1328 2743 1366 2771 et
1399 2731 1574 2782 aequalis.
1640 2729 1837 2768 Rationem
1856 2727 2025 2782 typicam
2049 2725 2180 2768 huius·

231 2790 344 2834 Vrim
363 2799 400 2831 et
420 2787 656 2829 Thummim
676 2788 724 2828 ad
747 2788 953 2838 Christum,
974 2789 1135 2843 exponit
1157 2790 1262 2835 loan,
1279 2786 1462 2829 Cocceius
1487 2783 1651 2839 Epistola
1666 2794 1763 2835 214.
