2263 3027
567 73 1050 128 ABSTINENTIA
1085 73 1499 131 CONIVGVM.
1904 95 2005 146 907

45 198 177 253 fiunt
204 200 259 254 de
289 198 481 248 foenore
502 200 762 264 trapezitico
791 215 835 263 p.
866 207 1113 264 gio-316.
1145 215 1188 249 et
1209 198 1424 268 scriptum
1445 199 1813 265 Londini'1715.
1835 208 1878 258 8.
1912 203 2002 250 edi-

12 275 18 277 ’
44 285 162 318 tum
179 304 193 328 ,
226 285 279 316 an
299 265 429 330 Effay
451 283 574 332 upon
601 267 926 324 divorcemend
946 269 1125 318 written
1145 269 1220 316 for
1238 271 1315 318 the
1335 269 1459 334 good
1482 267 1541 318 of
1555 269 1668 318 both
1686 267 1820 317 sexes.

208 339 330 383 VIII.
368 337 436 381 Ex
459 331 670 391 consensu
693 336 1018 398 nonnunquam
1039 338 1363 384 continentiam
1385 336 1466 384 fibi
1487 338 1751 386 indixerunt
1778 352 1909 401 atque
1931 336 2002 384 ab·

63 402 322 450 stinentiam
347 401 563 465 coniuges
586 418 679 448 non
709 417 881 448 tantum
905 401 1165 458 Christiani,
1204 401 1277 451 sed
1309 407 1442 452 etiam
1463 407 1646 453 Ethnici
1675 405 1908 458 nonnulli,
1947 404 2005 452 de

60 471 227 535 quibus
250 471 354 517 vide
373 470 658 517 Plutarchum
679 469 727 515 in
747 468 978 516 Alcibiade
996 487 1044 534 p.
1072 484 1184 529 203.
1255 473 1492 520 Aelianum
1514 467 1590 521 lib.
1615 489 1656 534 3.
1681 473 1840 520 Variae
1868 470 2006 519 histo-

62 541 153 586 riae
173 555 266 604 cap.
296 552 370 599 30.
395 537 598 585 etPhotii
619 534 943 584 Bibliothecam
965 554 1009 602 p.
1026 552 1136 600 574.
1162 554 1216 585 ex
1228 537 1458 586 Damascio
1481 542 1531 588 in
1549 542 1642 588 vita
1659 538 1830 588 Ifidori.
1875 537 2006 587 Castu

61 621 108 654 et
135 605 394 654 abstinentia
421 619 552 671 atque
584 602 771 671 οἱγιςεὲῳ
801 606 880 651 Dii
908 606 1028 652 culti.
1115 606 1233 653 Vide
1251 607 1555 655 Theodorum
1577 611 1820 664 Canterum
1840 609 1898 653 II.
1920 620 2002 658 2⁴1·

50 676 167 721 Var.
201 672 324 721 Le&
352 670 432 719 vbi
463 671 519 718 de
549 670 665 719 castu
699 671 822 718 Isidis
852 687 900 720 et
919 671 1136 736 CybeleS,
1165 675 1431 737 Cererisque
1450 674 1674 724 Valefium
1693 676 1747 724 ad
1763 674 2008 723 Sozomeni

62 743 119 789 V.
138 759 176 799 3.
211 757 254 788 et
278 737 499 788 Huetium
521 739 577 786 ad
597 739 921 801 Anthologiam
941 757 984 804 p.
1007 749 1088 802 48.
1162 743 1234 788 De
1256 740 1615 791 Christianorum
1634 746 1880 805 coniugum
1901 758 2008 789 con·

60 809 248 856 tinentia
277 804 537 855 consulendi
559 810 832 872 Interpretes
859 807 913 853 ad
948 822 986 854 1.
1010 810 1114 854 Cor.
1131 811 1234 854 VII.
1251 808 1301 868 5.
1355 811 1587 858 Conradus
1605 807 1921 858 Rittershusius
1952 809 2009 856 ad

60 875 305 940 Epistolam
327 889 370 937 4.
401 874 616 929 Saluiani,
654 878 842 921 Ioannes
863 877 1024 922 Sauaro
1055 875 1109 922 ad
1130 875 1307 922 Sidonii
1331 877 1607 941 Apollinaris
1630 877 1705 924 lib.
1729 895 1775 936 9.
1800 876 1935 941 Epist.
1957 884 2005 925 6.

59 943 232 990 Tobias
250 940 494 990 Pfannerus
514 946 640 990 Parte
658 958 695 990 1.
721 940 1086 989 obseruationum
1109 941 1333 992 ecclesiast.
1357 960 1402 1007 p.
1426 948 1537 1007 406.
1561 942 1622 1008 sq.
1678 941 1821 992 Godf.
1845 944 2009 992 Amol-

62 1010 144 1058 dus
165 1025 249 1060 non
275 1017 344 1059 ber
366 1008 461 1073 (ἔξω
490 1016 563 1058 bet·
593 1011 725 1070 ersten
753 1009 949 1073 (ξῷτίῆοιι
978 1027 1071 1073 cap.
1088 1026 1168 1061 ⁷10.
1216 1011 1436 1058 Pamelius
1460 1012 1514 1059 ad
1537 1012 1804 1059 Tertullian.
1830 1028 1874 1075 p.
1892 1026 2008 1074 429.

59 1076 418 1125 Elmenhorstius
439 1077 493 1124 ad
514 1078 802 1125 Gennadium
824 1094 870 1142 p.
895 1085 997 1137 ¹98-
1017 1075 1078 1141 sq.
1113 1077 1333 1124 Suarefius
1357 1079 1410 1124 ad
1422 1080 1584 1126 Nilum
1608 1096 1652 1144 p.
1669 1094 1777 1139 599.
1814 1077 2009 1128 Roswei-

61 1146 143 1192 dus
167 1145 220 1192 ad
243 1147 354 1191 vitas
377 1149 554 1192 Patrum
578 1141 813 1209 p.783.sq.
854 1145 1057 1191 Barthius
1079 1145 1124 1191 in
1147 1143 1402 1191 aduersariis
1428 1163 1470 1210 p.
1488 1160 1634 1209 2935.
1680 1150 1802 1194 Inter
1821 1148 2009 1193 Iudaeos

57 1229 242 1276 quoque
262 1211 413 1259 fimilis
436 1211 695 1273 abstinentia
717 1215 961 1273 coniugum
986 1229 1079 1258 non
1099 1211 1299 1259 inusitata
1320 1210 1430 1266 fuit,
1467 1229 1509 1260 et
1531 1212 1748 1279 Iosephus
1768 1213 1946 1261 testatur
1964 1210 2009 1261 se

63 1296 140 1340 30.
164 1297 302 1327 annos
323 1295 476 1329 natum
493 1297 595 1326 cum
611 1282 802 1342 coniuge
821 1278 894 1326 sua
920 1278 1091 1327 summa
1106 1281 1380 1328 continentia
1397 1278 1567 1327 vixiffe.
1637 1283 1878 1347 Praecipue
1894 1296 2008 1328 vero

58 1348 114 1394 ad
134 1345 250 1394 sacra
279 1344 512 1394 sollemnia
532 1348 713 1394 Ethnici
734 1349 900 1411 pariter
921 1364 963 1394 et
984 1347 1135 1395 Iudaei
1159 1348 1432 1394 continentia
1450 1345 1493 1395 se
1512 1364 1845 1414 praepararunt,
1857 1364 1907 1396 vt
1930 1348 2009 1396 do·

60 1430 163 1461 cent
184 1416 392 1468 Grotius,
430 1415 630 1462 Clericus
651 1429 694 1461 et
715 1415 788 1460 alii
811 1418 1082 1479 Interpretes
1101 1416 1153 1462 ad
1175 1415 1323 1461 Exodi
1343 1418 1456 1460 XIX.
1483 1431 1555 1476 15.
1588 1432 1631 1463 et
1657 1432 1677 1464 1
1703 1420 1941 1464 Sam.Xx1.
1960 1431 2008 1480 4.

60 1482 278 1529 Similiter
300 1482 418 1546 apud
439 1481 713 1529 Christianos
734 1483 921 1543 viguere
951 1483 1072 1544 leges
1103 1498 1146 1530 et
1169 1479 1444 1530 consuetudo
1468 1485 1769 1532 continentiae
1795 1486 2009 1546 coniuga-

62 1548 118 1597 lis
136 1547 294 1595 vdiebus
316 1550 578 1604 dominicis,
614 1548 735 1597 festis
757 1566 798 1597 et
820 1549 1200 1613 quadragesimae,
1237 1566 1333 1596 tum
1361 1566 1595 1614 antequam
1618 1552 1670 1597 ad
1688 1550 2010 1599 Eucharistiam

62 1617 367 1670 accederetur,
403 1616 760 1679 vidaAugustini
781 1621 1046 1666 Sermonem
1072 1629 1112 1677 3.
1134 1620 1189 1666 de
1217 1622 1479 1682 Tempore,
1524 1622 1680 1666 Ionam
1713 1621 2011 1667 Aurelianen-

61 1682 155 1731 sem
177 1683 251 1729 lib.
268 1699 310 1731 2.
332 1683 724 1731 Instit.Laicalium
746 1702 780 1735 c.
809 1699 883 1732 10.
918 1701 935 1733 1
954 1702 989 1734 ι.
1018 1694 1087 1742 18.
1157 1689 1223 1733 Io.
1243 1685 1564 1733 Mabillonium
1587 1689 1636 1734 in
1657 1689 1774 1734 notis
1792 1687 1846 1734 ad
1867 1683 2010 1735 Wase-

60 1752 147 1799 lini
168 1748 412 1816 Epistol-am
437 1752 493 1798 de
514 1753 789 1799 continentia
809 1755 1153 1815 coniugatorum
1173 1769 1274 1802 ante
1295 1756 1689 1809 communionem,
1723 1771 1850 1802 tomo
1870 1758 1903 1804 1.
1926 1756 2009 1801 mi·

62 1816 179 1867 scell.
209 1836 254 1884 p.
281 1834 387 1879 345.
409 1817 502 1883 sqq.
542 1822 609 1884 (p.
632 1832 748 1881 472.
772 1819 838 1869 ed.
862 1823 1046 1882 nouae.)
1119 1822 1396 1870 Cotelerium
1420 1836 1529 1868 tom.
1551 1826 1582 1868 I.
1602 1838 2011 1870 monumentorum

64 1903 111 1951 p.
126 1900 236 1948 433.
258 1902 300 1932 et
321 1892 476 1936 ronrl.
499 1889 676 1933 Parrum
700 1888 899 1952 Apostol.
925 1904 1056 1953 p.75.
1071 1899 1147 1950 76.
1171 1887 1228 1954 sq.
1254 1904 1296 1936 et
1315 1891 1608 1937 Edmundum
1627 1894 1833 1938 Martene
1850 1892 1897 1937 in
1917 1890 2011 1936 riti·

63 1954 147 2001 bus
168 1952 491 2007 Ecclesiasticis,
529 1955 606 2001 vbi
634 1954 687 2002 de
711 1957 923 2018 coniugio
944 1958 1054 2018 agit,
1089 1956 1168 2005 lib⁶
1188 1973 1223 2004 1.
1244 1973 1370 2023 parte
1384 1964 1550 2022 2.p.61
1566 1974 1599 2006 1.
1614 1956 1675 2022 sq.
1751 1958 2008 2005 Coelibatus

65 2020 183 2085 apud
214 2035 368 2081 gentes
397 2021 628 2084 plerasque
659 2039 818 2073 omnes
848 2024 1088 2088 opprobrii
1115 2024 1239 2078 loen,
1275 2025 1372 2079 vel,
1409 2040 1458 2072 vt
1485 2026 1602 2091 apud
1624 2029 1850 2073 Romanos
1873 2027 2007 2071 etiam

64 2090 224 2154 poenis
244 2088 468 2134 obnoxius
492 2104 572 2151 per
592 2089 736 2150 legem
761 2092 917 2138 Iuliam
945 2094 1147 2157 Papiam,
1187 2093 1275 2139 siue
1296 2095 1476 2158 Papiam
1497 2098 1763 2157 Poppaeam.
1835 2088 2007 2138 Confer

65 2155 305 2203 Camillum
337 2153 594 2201 Siluestrum
629 2157 680 2202 ad
712 2159 906 2206 quenal.
928 2163 1000 2206 IX.
1025 2169 1119 2216 87.'
1169 2158 1336 2207 Iustum
1360 2163 1612 2220 Georgium
1635 2159 1929 2207 Schottelinm
1950 2158 2035 2205 de.

0 2221 27 2271 ἶ.)
63 2223 358 2285 singularibus
388 2225 580 2285 antiquis
608 2224 655 2269 in
685 2226 926 2275 Germania
962 2226 1134 2273 iuribus
1167 2244 1201 2272 c.
1237 2241 1273 2273 1.
1312 2226 1393 2272 vbi
1425 2227 1480 2273 de
1513 2230 1608 2272 iure
1636 2225 2005 2288 misogamorum‚

0 2295 3 2372 ᾗ
65 2295 196 2353 (nom
229 2291 500 2352 Kpagrstolgen
516 2289 709 2353 tfficdffi)
743 2293 797 2340 de
817 2311 905 2358 quo
930 2295 1060 2339 etiam
1085 2297 1206 2340 Ioan.
1228 2299 1472 2340 Wernerus
1494 2293 1723 2340 Gericken
1752 2296 1799 2339 in
1825 2290 2006 2357 supple-

35 2356 37 2360 ’
65 2365 220 2405 mento
251 2361 303 2407 ad
331 2357 626 2404 Schottelium
658 2374 748 2423 cap.
777 2379 812 2406 1.
850 2365 914 2408 Io.
937 2358 1153 2408 Balthasar
1174 2362 1399 2407 wernher
1422 2363 1466 2407 in
1492 2358 1789 2408 dissertatione
1823 2361 1878 2407 de
1907 2363 2006 2412 iure

21 2426 35 2489 J
62 2425 483 2486 Hagenstolziatus,
530 2425 710 2471 Witteb.
745 2443 884 2489 1724.
955 2433 1019 2476 Io,
1039 2431 1207 2490 Georg.
1233 2430 1457 2475 Schertius
1488 2430 1535 2474 in
1568 2426 1660 2475 diff.
1690 2428 1742 2474 tle
1774 2429 1871 2475 iure
1890 2424 2004 2480 cir'ca

64 2494 432 2555 Hagenstolzios,
472 2495 757 2553 Argentorati
799 2499 933 2554 1726.
954 2512 996 2544 et
1027 2500 1145 2542 ioan.
1167 2496 1339 2542 Paullus
1368 2493 1555 2542 Kreslius
1577 2499 1624 2542 in
1647 2494 1807 2543 differt.
1830 2495 1885 2542 de
1904 2497 2005 2548 iure

18 2596 20 2598 -
64 2555 476 2622 Hagenstolziatus,
515 2563 754 2626 praecipue
777 2564 824 2608 in
849 2563 1007 2610 ducatu
1026 2563 1452 2628 Guelp’nerbytano,
1488 2562 1677 2611 Helmst.
1707 2578 1843 2626 1727.
1885 2570 2003 2613 Con-

20 2651 28 2669 :
61 2643 133 2690 *tra
156 2646 287 2691 quam
318 2646 455 2693 quum
489 2631 704 2676 nonnulla
733 2646 937 2678 moneret
969 2634 1032 2678 Io.
1052 2634 1205 2678 Petrus
1234 2631 1287 2677 de
1307 2631 1525 2692 Ludewig
1544 2633 1590 2678 in
1611 2629 1774 2680 differt}
1801 2631 1855 2678 de
1875 2631 2002 2681 diffe-

34 2721 40 2723 >
67 2697 223 2748 tentiis
249 2699 356 2746 iuris
379 2700 571 2749 Rotnani
589 2715 634 2746 ac
660 2700 917 2750 Germanici
941 2699 988 2750 in
1008 2697 1373 2763 Hagenstolziatu
1394 2700 1522 2749 exule
1552 2702 1599 2751 in
1623 2701 1887 2758 Germania,
1908 2705 2002 2749 Ha-

0 2714 9 2740 l«

0 2739 53 2902 l
1899 2779 1911 2785 “
1937 2771 2002 2820 lae

0 2962 14 3027 i
