2263 3027
234 148 348 202 -186
440 166 447 172 ·
567 140 717 194 CAP.
747 141 810 192 V.
878 138 1479 233 GEOGssAPfflAE
1549 140 1862 196 SACRAE

246 268 310 314 cis
341 266 395 314 ad
414 265 711 329 Euangelistas
739 265 924 330 aliisque
951 262 1152 332 scriptis:
1229 266 1436 314 Waltonus
1469 267 1516 314 in
1549 284 1762 334 apparatu
1790 268 1845 316 ad
1875 267 2016 317 Biblia
2045 270 2175 334 Poly-

246 335 408 397 glotta:
446 338 695 382 Bernardus
715 336 848 396 Lamy
868 336 915 380 in
929 335 1474 396 ConcordiaEuangelica,
1495 338 1713 401 paucique
1731 337 1911 401 quidam
1924 337 2011 384 alii.
2047 338 2175 386 Idem

245 405 395 449 conati
414 400 513 449 sunt
547 404 594 450 in
616 403 860 449 Itinerariis
886 401 1149 450 Palaestinae
1177 406 1390 449 chricns
1419 405 1695 470 Buntingius,
1734 406 1857 451 cuius
1891 406 2176 454 Itinerarium

243 474 284 518 S.
305 472 558 534 Scripturae
592 469 692 535 post
724 470 875 533 plures
909 470 1128 517 editiones
1153 469 1419 516 recensitum
1450 486 1492 517 et
1528 474 1647 518 notis
1682 471 1944 519 illustratum
1968 473 2174 520 emenda-

243 553 431 601 tumque
462 554 503 585 et
535 538 854 602 locupletatum
887 536 949 584 est
977 556 1000 584 a
1025 542 1132 585 Ioan
1163 541 1331 599 Georg.
1365 537 1688 592 Leuckfeldio,
1734 541 1889 601 Magd.
1923 549 2062 601 1718.
2093 538 2175 588 fol.

243 604 316 651 Est
336 621 481 652 autem
508 610 763 670 Buntingius
787 608 1057 652 Bernardum
1077 608 1125 652 de
1143 604 1423 653 Breitenbach
1443 607 1711 670 plerumque
1741 605 1975 672 sequutus:
2071 611 2172 656 Nec

242 670 591 720 confundendus
610 672 670 720 est
690 673 937 719 Bernardus
960 672 1052 727 iste,
1083 675 1206 720 cuius
1229 674 1507 719 itinerarium
1537 676 1709 738 prodiit
1736 678 2002 737 Moguntiae
2029 682 2170 732 1486.

242 756 285 786 et
306 743 459 805 Spirae
487 758 503 790 1
519 754 624 799 502.
660 738 741 787 fol.
777 758 880 787 cum
901 744 1103 788 Martino
1125 746 1418 801 Baumgarten
1439 742 1485 786 in
1510 742 1803 789 Breitenbach
1827 746 2172 807 equiteGerma·

241 823 324 860 no,
358 811 481 856 cuius
500 806 740 873 descriptio
772 809 945 856 itineris
973 811 1021 855 in
1042 815 1320 872 Aegyptum,
1362 807 1588 863 Arabiam,
1624 810 1908 858 Palaestinam
1932 826 1972 858 et
1993 812 2170 874 Syriam

238 875 356 921 edita
377 875 450 922 est.
477 875 813 939 Norimbergae
849 891 990 937 1594.
1026 891 1071 939 4.
1141 877 1398 938 Christianus
1426 878 1745 931 Adrichomius,
1781 897 1803 925 a
1830 881 1874 928 P.
1900 882 2066 926 Gautio
2098 895 2170 926 re-

238 941 449 1000 censitus,
503 944 727 1010 Chrzstoph.
760 947 1067 998 Heidmannns,
1110 946 1259 991 franc.
1288 944 1587 1007 Qasremzsts,
1634 947 1770 1009 Olfert
1801 950 1994 1013 Dapper,
2049 949 2169 993 Ionas

236 1013 400 1064 Korte,
438 1012 601 1074 aliique
623 1012 972 1075 quamplurimi,
1007 1029 1121 1076 quos
1143 1028 1406 1060 enumerant
1428 1010 1536 1058 Atia
1556 1014 1875 1068 Eruditorum,
1913 1018 1997 1061 An.
2028 1029 2168 1074 ¹713·

235 1095 339 1141 pag.
366 1082 478 1139 276.
513 1078 594 1124 vbi
613 1079 668 1125 de
689 1083 745 1124 V.
767 1083 815 1125 C.
837 1082 1033 1127 Eduardi
1060 1081 1169 1126 Wells
1191 1080 1480 1144 Geographia
1511 1085 1565 1128 V.
1603 1096 1647 1127 et
1665 1085 1727 1127 N.
1746 1086 1804 1129 T.
1844 1085 1956 1129 Ioan.
1984 1082 2168 1127 Clericus

232 1143 419 1210 praefat.
442 1147 496 1192 ad
515 1143 717 1193 Sansonii
741 1149 1077 1211 Geographiam
1108 1151 1305 1200 Sacram,
1344 1149 1535 1211 Ephem.
1553 1146 1696 1194 Paris.
1717 1154 1770 1196 A.
1798 1163 1940 1210 1707.
1978 1147 2168 1201 OE’mbr.

235 1229 336 1277 pag.
362 1221 434 1272 58.
471 1215 689 1277 Lipenius
709 1214 819 1261 Bibl.
846 1216 1013 1264 Theol.
1051 1218 1178 1263 T.11.
1212 1232 1310 1279 pag.
1341 1230 1450 1273 390.
1493 1223 1601 1270 821.
1624 1213 1685 1279 sq.
1717 1220 1758 1264 S.
1799 1221 1853 1264 V.
1888 1222 2167 1282 Baumgarte-

235 1285 331 1326 nius
353 1282 399 1327 in
420 1279 698 1346 praefatione
716 1286 773 1330 T.
788 1286 860 1328 IX.
900 1284 1132 1348 interpret.
1154 1285 1431 1345 germanicae
1452 1280 1660 1330 historiae
1671 1282 1931 1330 Vniuersalis
1952 1280 2166 1348 praemis-

235 1345 275 1393 sa
296 1365 340 1412 p.
373 1366 387 1394 ι
407 1365 443 1396 1.
465 1347 508 1395 ff.
545 1365 588 1396 et
609 1353 717 1396 Dan.
743 1353 1032 1397 Hartnaccim
1053 1353 1098 1397 in
1123 1350 1469 1397 Bibliothecario
1494 1367 1538 1413 p.
1562 1357 1667 1404 168.
1706 1348 1767 1412 sq.
1808 1353 1886 1414 qui
1910 1368 2002 1397 non
2023 1351 2164 1463 ῑῃεᾶο

232 1418 501 1463 Germanica
532 1418 684 1478 lingua
722 1420 1059 1481 Geographiam
1089 1417 1302 1463 Biblicam
1333 1415 1543 1476 singulari
1575 1433 1657 1462 nec
1690 1417 1818 1462 adeo·
1842 1434 2005 1478 magno
2045 1417 2074 1462 li
2123 1433 2164 1463 ὀ

231 1483 496 1547 complexus
521 1482 593 1538 est,
634 1484 850 1531 Norimb.
874 1492 1010 1543 1689.
1043 1501 1087 1541 4.
1123 1481 1198 1530 sed
1219 1499 1261 1530 et
1282 1483 1416 1544 longe
1438 1480 1684 1546 perfefflus
1705 1500 1834 1547 atque
1855 1484 2034 1548 plenius
2048 1501 2164 1548 opus

228 1550 362 1597 huius
382 1553 658 1612 argumenti,
693 1550 906 1600 consultis
928 1566 1024 1610 290
1048 1552 1240 1614 amplius
1260 1551 1500 1596 itinerariis
1522 1551 1774 1597 multorum
1798 1568 2022 1598 annorum
2045 1552 2165 1598 labo-

226 1635 277 1664 re
298 1616 522 1679 collegisse
540 1616 605 1671 se,
643 1617 814 1665 ibidem
838 1617 1032 1668 testatur.
1098 1619 1184 1664 Sed
1204 1614 1413 1681 professio
1435 1617 1624 1662 arduum
1649 1616 1721 1671 est,
1758 1621 1877 1666 inter
1898 1635 1965 1665 tot
1984 1617 2163 1666 fabulo-

229 1682 271 1730 sa
289 1700 421 1747 atque
440 1688 604 1732 incerta
620 1719 631 1738 ,
667 1703 720 1731 ex
748 1687 1075 1733 recentioribus
1104 1684 1195 1731 istis
1217 1685 1580 1749 Hodoeporicis>
1617 1683 1748 1731 situm
1768 1703 1929 1732 verum
1951 1687 2161 1734 locorum

228 1768 372 1798 terrae
394 1743 562 1799 sanetae
576 1787 586 1806 ,
622 1753 667 1798 in
687 1750 817 1799 sacris
838 1753 998 1814 litteris
1015 1768 1392 1807 memoratorum,
1432 1748 1714 1814 cognoscere.
1785 1755 1975 1799 Interim
1994 1753 2160 1808 licebit,

229 1834 331 1865 vtut
362 1821 620 1882 neutiquam
653 1822 905 1867 immunem
939 1840 962 1868 a
990 1824 1142 1876 naeuis
1178 1817 1407 1867 consulere
1432 1821 1772 1884 Geographiam
1801 1817 1965 1866 sacram
1997 1822 2161 1867 Nicolai

226 1887 416 1948 Sanfimii
438 1887 740 1942 Abbauillaei,
770 1906 872 1935 cum
898 1888 1178 1953 praefatione
1207 1890 1389 1934 Ioannis
1419 1887 1583 1934 Clerici
1606 1885 1816 1943 recusam,
1846 1886 1987 1935 Arnst.
2015 1903 2157 1951 1704.

225 1952 305 2003 fol.
343 1970 385 2001 et
407 1974 429 2000 a
449 1955 556 2016 Blas
576 1957 741 2020 Vgolino
762 1961 917 2003 Tomo
933 1961 986 2003 V.
1021 1954 1128 2004 thes.
1151 1957 1417 2020 antiquitatt.
1438 1954 1746 2003 hebraicarum
1764 1971 1774 2007 3
1797 1969 1841 2002 et
1852 1957 2159 2022 Frider.Span-

224 2022 352 2069 hemii
374 2024 711 2087 Geographiam
733 2022 897 2071 sacram
912 2061 924 2080 ,
960 2023 1194 2089 separatim
1216 2039 1258 2070 et
1276 2025 1395 2070 inter
1420 2039 1556 2088 opera
1577 2023 1671 2068 eius
1691 2022 1868 2075 editam,
1903 2026 2163 2087 Hieronymi·

226 2091 335 2136 item
358 2093 511 2137 Dicelii
530 2094 799 2139 Germanice
819 2094 1058 2155 vulgatam,
1094 2089 1212 2156 Lips.
1242 2106 1378 2152 1704.
1419 2099 1461 2147 8.
1499 2104 1542 2135 et
1562 2092 1674 2137 Ioan.
1699 2093 1780 2137 Iac.
1804 2089 2008 2138 Schmidii
2028 2094 2156 2139 Geo-

225 2160 451 2223 graphum
476 2158 722 2213 Biblicum,
761 2163 1031 2207 Germanice
1052 2160 1209 2207 itidem
1243 2159 1436 2210 editum,
1467 2157 1770 2204 Zi'tllichauiae
1801 2173 1938 2222 1740.
1977 2166 2018 2214 8.
2054 2174 2155 2207 tum

223 2243 408 2291 mappas
432 2229 766 2291 Geographicas
792 2227 1073 2282 Palaestinae,
1109 2246 1132 2274 a
1164 2228 1298 2273 variis
1320 2227 1431 2272 viris
1465 2224 1608 2271 doffis
1632 2226 1884 2279 adornatas,
1922 2227 2072 2290 quales
2107 2244 2152 2275 v.

222 2312 265 2356 g.
300 2293 468 2341 exstant
490 2296 536 2340 in
558 2296 756 2342 Waltoni
786 2312 1011 2361 apparatu,
1047 2298 1093 2342 in
1116 2292 1376 2357 Lightfooti
1400 2292 1633 2358 operibus,
1664 2309 1809 2357 atque,
1845 2308 1895 2340 vt
1914 2292 2152 2342 nouiffime

224 2362 359 2409 editas
394 2379 774 2418 commemorem,
817 2367 864 2410 in
897 2365 1220 2411 commentario
1251 2365 1417 2410 Ioannis
1438 2362 1590 2408 Clerici
1619 2362 1672 2408 ad
1693 2362 2064 2418 Pentateuchum3
2100 2363 2151 2409 in

223 2431 438 2494 Augustini
458 2431 633 2485 Calmet,
667 2433 887 2478 Monachi
905 2430 1184 2493 Benedifflni
1211 2433 1512 2476 Commentar.
1544 2429 1597 2476 ad
1623 2427 1820 2483 Iofiram,
1850 2425 1981 2475 Paris.
2005 2443 2148 2490 1711.

222 2511 271 2550 4.
308 2499 354 2541 in
385 2500 531 2546 Franc.
561 2502 823 2554 Burmanni,
861 2504 880 2537 5
929 2497 1046 2552 filii,
1076 2499 1330 2544 Harmonia
1359 2495 1741 2559 Euangelistarum
1760 2531 1772 2549 ,
1800 2497 1977 2557 Belgice
2006 2496 2146 2550 edita,

221 2561 466 2610 Amstelod.
497 2582 577 2625 ¹7¹
595 2583 634 2627 3.
672 2583 718 2626 4.
749 2568 858 2614 etin
877 2569 1043 2613 Frider.
1067 2565 1305 2632 Spanhemii
1332 2569 1388 2613 T.
1411 2568 1446 2612 Ι.
1485 2568 1606 2630 Opp.
1636 2564 1787 2629 paullo
1819 2579 1920 2610 ante
1947 2578 2146 2611 mortem

224 2630 318 2677 eius
346 2634 400 2676 A.
433 2644 571 2691 1701.
605 2634 750 2696 Lugd.
772 2639 918 2684 Batav.
953 2635 1002 2682 in
1020 2635 1166 2682 lucem
1189 2632 1331 2690 edito,
1366 2634 1415 2680 in
1437 2649 1528 2698 quo
1549 2632 1821 2698 locupletior
1854 2630 2043 2680 habetur
2062 2632 2146 2746 gn-

1985 2714 2056 2746 tro
2092 2715 2144 2747 u-

273 2789 292 2818 5
325 2784 473 2826 Auam-
482 2786 631 2827 tabulae
644 2789 883 2837 Palaestinae,
914 2792 961 2837 ad
972 2794 1225 2843 Harmoniam
1236 2791 1566 2833 Burmannianam
1575 2788 1786 2837 adiuuetae,
1804 2788 1859 2832 est
1867 2786 2143 2834 Maundrellu12

222 2839 383 2887 itineris,
415 2841 520 2895 quod
538 2843 578 2882 in
596 2843 845 2885 Palaestinam
861 2845 1041 2902 suscepit,
1075 2848 1328 2903 descriptione
1347 2858 1478 2890 notus.
1504 2878 1507 2880 —
