2263 3027
233 136 336 188 244
706 117 1038 171 CAP.V11.
1105 111 1681 168 CHRONOLOGI

237 248 480 307 integrum,
516 243 645 309 quale
667 261 689 290 a
709 240 896 290 ViS‘core
920 242 1146 305 Aquitano
1166 237 1305 306 praef.
1327 239 1381 286 ad
1393 242 1624 287 Canonem
1643 235 1908 294 paschalem,
1928 240 2171 288 'Gennadio

239 316 334 378 cap.
356 320 433 376 84.
471 313 525 359 de
547 316 586 358 S.
609 314 658 358 Ε.
693 326 736 358 et
772 307 1030 357 Cassiodoro
1052 309 1241 356 diuinar.
1261 307 1402 355 Instit.
1442 325 1535 373 cap.
1570 324 1638 368 17.
1678 303 1964 362 describitur,
2001 308 2171 356 editum

234 382 443 447 primum
474 398 497 427 a
524 379 737 445 Philippo
773 377 957 425 Labbeo
988 378 1035 425 in
1065 376 1190 424 Bib}.·
1210 393 1330 423 noua
1359 379 1485 424 MSS.
1522 372 1649 422 Paris.
1679 384 1818 436 1657.
1853 371 1933 421 fol.
1969 378 2107 422 Tom.
2139 394 2171 425 r.

233 466 339 515 pag.
364 455 433 497 16.
467 463 595 512 atque
619 444 822 494 recusum
843 448 892 492 in
915 449 1070 493 Tomo
1087 448 1161 492 XI.
1197 441 1390 491 thesauri
1413 440 1667 497 Graefflani,
1703 460 1791 490 vna
1816 460 1919 491 cum
1938 440 2057 490 fastis
2076 447 2171 491 Ma-

237 516 500 579 gistratuum
520 516 748 578 Pighianis
770 513 822 561 ab
845 518 899 562 V.
924 516 983 561 C-
1008 513 1062 561 ad
1083 509 1398 577 Vespasianum
1419 529 1472 559 ex
1499 513 1602 558 edit.
1627 517 1771 558 Antw.
1802 508 2031 569 1615.fol.
2052 509 2173 565 fastis

240 582 546 632 consularibus
564 584 750 645 integris
772 585 979 630 Idatt'anis
999 599 1053 629 ex
1075 581 1275 628 eiusdem
1297 579 1467 627 Labbei
1489 576 1528 613 1'8
1569 580 1796 635 editione,
1833 577 1953 626 fastis
1977 577 2173 627 consula·

237 652 363 700 ribus
386 653 624 716 Anonymi
645 668 757 715 quos
780 669 803 698 e
822 653 917 698 MS.
941 646 1283 700 Vindobonenfi
1307 651 1368 694 H.
1392 649 1537 694 Notis
1561 654 1602 688 19
1634 648 1774 696 edidit
1803 664 1846 694 et
1873 644 2174 694 dissertatione

235 718 484 782 illustrauit,
525 712 851 782 Anonymo'de
871 714 1110 784 praefeffls
1129 715 1254 763 vrbis
1278 730 1320 762 et
1341 712 1597 776 fragmento
1622 713 1836 763 fastorum
1860 715 1911 761 ab
1927 721 1978 762 A.
1994 719 2043 764 C.
2062 731 2125 766 20
2131 729 2171 774 ς.

236 788 291 834 ad
318 803 423 849 353.
463 806 515 835 ex
540 788 740 834 editione
760 787 939 849 Aegidii
960 786 1168 833 Eucherii
1200 791 1353 832 Antw.
1383 798 1399 830 1
1414 790 1521 846 634.
1543 780 1624 837 fol.
1662 799 1704 830 et
1725 783 1921 849 Epistola
1941 782 2174 830 Consulari

237 856 437 902 eiusdem
460 857 654 902 Henrici
673 856 818 901 Noris
839 872 892 901 ex
915 854 1018 900 edit.
1038 850 1305 900 Bononiensi
1329 857 1379 899 A.
1400 854 1541 912 1683.
1606 855 1707 901 Pars
1728 854 1857 917 prior
1875 853 2008 898 huius
2031 853 2174 899 Chro-

234 925 327 971 nici
347 920 630 988 Prosperiani
649 922 701 969 ab
735 921 860 969 Orbe
894 922 1078 968 condito
1113 921 1320 985 procedit
1343 936 1486 983 Vsque
1519 919 1572 965 ad
1595 935 1788 967 mortem
1822 923 1938 983 Imp.
1958 920 2172 978 Valentis,

235 991 367 1039 altera
388 991 439 1044 ab
465 996 517 1038 A.
538 994 586 1037 C.
611 1005 720 1051 379.
757 991 810 1037 ad
831 1006 890 1047 45
906 1007 945 1047 ς.
981 993 1192 1036 conuenit
1214 986 1309 1035 fere
1333 1005 1436 1034 cum
1462 1005 1509 1034 ea
1530 1005 1663 1051 quam
1685 989 1945 1049 vulganerat
1974 980 2173 1033 Andreas

235 1059 295 1104 du
318 1056 490 1105 Chesne
508 1062 645 1104 Tom.
674 1073 710 1106 1.
747 1055 1017 1122 scriptorum
1041 1061 1321 1103 Francorum
1344 1074 1443 1121 pag.
1471 1072 1582 1105 201.
1618 1053 1746 1102 Paris.
1779 1059 1910 1115 1636.
1933 1052 2014 1102 foi.
2084 1054 2173 1101 Ad-

234 1126 348 1172 didit
361 1125 565 1173 Labbeus
587 1142 779 1189 eumque
791 1123 998 1188 sequutus
1012 1127 1231 1172 Graeuius
1244 1126 1376 1170 etiam
1395 1125 1643 1171 editionem
1653 1125 1942 1170 Pithoeanam
1957 1123 2176 1170 Chroniei

233 1191 442 1258 Prosperi
464 1193 515 1240 ab
538 1199 591 1242 A.
610 1197 658 1240 C.
686 1210 795 1256 379.
839 1195 892 1240 ad
913 1211 971 1252 45
988 1210 1027 1253 5.
1064 1191 1139 1240 sed
1163 1212 1215 1239 ex
1236 1196 1360 1247 MSS.
1394 1191 1686 1239 emendatam.
1766 1195 1831 1238 Ae
1863 1206 2040 1255 praeter
2060 1192 2175 1237 hane

233 1263 524 1309 Pithoeanam
547 1268 630 1309 An.
658 1270 798 1322 1588.
833 1264 964 1308 etiam
986 1262 1166 1308 alterae
1190 1264 1285 1308 MS.
1308 1258 1564 1321 August-ano
1584 1259 1750 1320 legitur
1781 1263 1919 1321 Toni.
1946 1257 2176 1308 1.·1e8io-

232 1347 346 1377 num
369 1332 651 1394 antiquarum
675 1331 869 1376 Henrici
892 1329 1074 1382 Canisii,
1113 1346 1219 1391 quas
1247 1345 1348 1373 raro
1379 1327 1555 1379 obuias,
1591 1328 1725 1372 variis
1756 1323 2144 1378 obseruationibus
2161 1357 2173 1377 ‚

233 1400 354 1444 notis
375 1414 418 1444 et
441 1395 664 1461 opusculis
685 1392 842 1449 anstais,
883 1397 1038 1442 recudi
1060 1398 1230 1441 curauit
1250 1398 1333 1439 Iac.
1355 1386 1556 1453 Basnage‚
1575 1395 1859 1456 Antwerpiae
1882 1390 2174 1452 (Amstelod.)

236 1478 380 1525 1725.
417 1461 498 1512 fol.
537 1464 656 1510 Voll.
675 1480 721 1519 4.
792 1463 861 1510 Ab
883 1468 936 1510 A.
961 1467 1007 1509 C.
1029 1477 1143 1524 455.
1182 1462 1341 1526 incipit
1372 1461 1637 1506 Chronicon
1668 1463 1813 1506 Marii
1837 1461 2111 1522 Auenti-'censis
2133 1474 2176 1506 et

231 1532 286 1579 ad
308 1530 549 1579 Tiberium
572 1530 911 1578 Constantinum
935 1531 1244 1596 progreditur,
1270 1529 1393 1592 quod
1418 1546 1519 1574 cum
1540 1528 1789 1593 appendice
1802 1529 1969 1574 veteris
1991 1525 2175 1592 scripto-

231 1602 293 1647 ris
314 1600 517 1661 vulg-,tuit
536 1599 658 1646 idem
676 1599 882 1651 ,Andreas
905 1599 964 1645 du
986 1595 1172 1645 Chesne.
1245 1599 1392 1643 Flauio
1413 1598 1536 1641 Lucio
1551 1600 1719 1642 Dextro
1734 1594 2010 1661 suppositum
2033 1597 2177 1642 Chro-

232 1669 371 1714 nicon
397 1665 623 1713 Historiae
645 1667 935 1712 omnimodae
959 1667 1136 1717 omitto,
1160 1664 1263 1710 licet
1286 1665 1621 1710 commentariis
1645 1663 1843 1726 operosis
1866 1679 1996 1727 atque
2022 1679 2070 1709 vt
2084 1660 2176 1728 ipse

232 1750 364 1780 vocat
383 1731 646 1798 apodifficis
664 1731 1058 1780 FrancisciBiuarii
1079 1730 1343 1778 illustratum
1360 1747 1402 1777 et
1415 1731 1558 1791 Lugd.
1581 1734 1718 1791 1627.
1734 1728 1812 1777 fol.
1826 1731 2010 1778 editum.
2050 1734 2173 1781 Neu,-

232 1805 406 1864 tiquam
428 1803 551 1847 enim
573 1799 686 1847 illud
711 1818 826 1865 opus
842 1799 924 1847 esse
949 1801 1071 1863 quod
1092 1801 1437 1846 LuciusDexter
1459 1799 1872 1860 adHieronymum
1894 1795 2075 1859 scripsit,
2100 1813 2175 1844 ne·

233 1886 322 1932 que
347 1871 733 1916 continuationem
758 1868 1050 1934 compositam
1070 1866 1151 1914 effe
1178 1885 1200 1913 a
1220 1871 1370 1915 Mario
1390 1869 1608 1921 Maximo,
1630 1862 1855 1930 Episcopo
1884 1862 2174 1927 Caesaraugu-

232 1935 370 1990 stam,
385 1933 460 1983 sed
479 1938 631 2001 potius
651 1953 895 2001 vti-umque
912 1936 1188 1984 tenebrionis
1201 1933 1360 1981 sinistri
1381 1932 1551 1985 ἄτοπον
1572 1930 1720 1996 κύημα
1740 1949 1781 1980 et
1804 1933 2094 1980 omnimodae
2105 1930 2151 1980 fa
2168 1985 2177 1994 ‚

230 2003 363 2051 bulae
383 2001 696 2068 nugarumque
718 2022 981 2051 canor-arum
1004 2003 1336 2068 pandoeheum,
1366 2003 1738 2064 Hieronymique
1758 2001 1812 2048 de
1831 2001 1870 2047 la
1881 2002 2085 2063 Higuera
2096 1999 2173 2048 vel

231 2070 389 2119 similis
410 2072 709 2133 nugiuenduli
728 2071 917 2136 Hispani
942 2070 1167 2119 officinam
1191 2068 1354 2135 sapere,
1387 2069 1568 2134 pridem
1590 2066 1883 2116 obseruarunt
1905 2071 1996 2116 viri
2015 2065 2174 2116 doffis-

231 2138 342 2188 fimi.
419 2141 595 2186 Omitto
630 2142 760 2186 etiam
789 2139 1067 2193 Chronicon,
1102 2137 1228 2203 quod
1249 2141 1396 2193 Dacio,
1416 2135 1751 2185 ,Mediolanensi
1771 2134 2012 2202 Episcopo,
2046 2142 2096 2184 A.
2116 2140 2169 2190 C.

235 2223 346 2268 551.
383 2205 612 2263 defunfio,
634 2209 846 2254 nonnulli
871 2208 1090 2265 tribuunt,
1129 2208 1344 2270 quoniam
1369 2222 1450 2252 nec
1473 2205 1642 2252 editum
1666 2204 1738 2259 est,
1759 2221 1803 2253 et
1829 2206 2045 2269 quiequid
2067 2222 2172 2252 con·

229 2289 296 2323 tra
317 2291 489 2340 pugnet
508 2275 767 2323 Eustachius
788 2295 810 2322 a
830 2280 867 2323 S.
880 2276 1059 2322 Vbaldo
1079 2277 1126 2321 in
1151 2279 1197 2304 20
1232 2271 1324 2321 diss.
1350 2274 1402 2320 de
1426 2274 1647 2336 Hymno:
1675 2276 1732 2320 Te
1756 2276 1905 2321 DEum
1920 2275 2171 2328 Laudamus,

230 2343 370 2407 longe
391 2345 581 2391 iunioris
609 2343 669 2392 est
687 2341 939 2409 scriptoris,
979 2359 1022 2390 et
1043 2361 1111 2390 res
1131 2357 1302 2389 tantum
1324 2340 1670 2388 Mediolanensis
1690 2339 1905 2389 Ecclesiae
1931 2340 1983 2388 ab
2008 2339 2169 2389 oeiauo

230 2409 401 2459 saeculo
427 2412 483 2459 ad
505 2416 557 2459 A.
580 2415 629 2459 C.
661 2421 799 2472 1067.
836 2428 994 2458 narrat.
1062 2412 1179 2457 Vide
1202 2409 1460 2456 Mabillonii
1481 2406 1690 2457 AnaleEia
1713 2413 1852 2456 Tom.
1877 2425 1911 2454 1.
1949 2425 1992 2472 p.
2021 2424 2059 2469 3.
2081 2406 2170 2473 seq.

233 2494 275 2523 et
300 2479 414 2527 Lud.
437 2481 689 2527 Antonium
709 2482 1015 2527 Muratorium
1037 2483 1096 2528 V.
1120 2482 1169 2526 C.
1200 2482 1337 2525 Tom.
1359 2494 1395 2524 1.
1431 2477 1685 2536 anecdoton
1707 2477 1818 2525 Bibl.
1852 2475 2170 2526 Ambrosianae

233 2560 334 2609 pag.
360 2556 471 2605 236.
512 2545 623 2596 Asta
641 2547 839 2599 SanE'tor.
879 2552 1019 2595 Tom.
1046 2564 1083 2595 1.
1119 2550 1290 2595 Ianuar.
1319 2561 1388 2609 ¹4·
1431 2553 1657 2612 pag 967.
1678 2541 1769 2610 seq.
1814 2545 2169 2594 Tillemontium

1218 2637 1226 2643 '
2072 2629 2168 2664 me·

291 2721 327 2754 ¹⁸
354 2726 470 2766 Tom.
487 2734 521 2764 1.
550 2724 648 2764 Bibl.
677 2741 804 2768 nouae
825 2729 938 2770 MSS.
972 2742 999 2782 p
1024 2741 1062 2770 1.
1904 2756 1911 2764 -

287 2784 322 2810 ¹9
351 2786 414 2831 Ad
437 2779 579 2818 calcem
602 2780 680 2818 diff.
707 2782 754 2821 de
772 2787 893 2822 Anno
913 2795 950 2824 et
968 2784 1141 2838 Epochis
1152 2781 1544 2839 Syro-Macedonum,
1574 2776 1812 2835 Lipss1696.
1842 2788 1886 2834 4.

284 2839 322 2861 ²⁰
352 2840 458 2892 Vi&
495 2834 590 2876 Atta
611 2836 728 2876 Erud.
751 2839 867 2878 Tom.
885 2850 921 2891 3.
944 2838 1200 2895 supplementi
1227 2840 1373 2896 P·163·
