2263 3027
200 114 310 187 2³8--
664 110 833 165 cap,
865 109 1000 164 vn.
1083 108 1663 177 GHRONOLOGi

210 226 423 309 fundunt,
457 234 703 300 castigauit,
738 253 782 302 p.
809 251 915 299 327.
937 252 981 284 et
1005 252 1114 301 334.
1152 254 1374 288 memorat
1395 241 1618 297 Codicem
1648 241 2039 293 Mediolanensem
2068 244 2161 296 hoc

217 302 373 371 titulo:
396 367 410 383 Ἰ
451 305 667 373 Χρονικόνι
683 304 895 363 σύντομον
933 310 980 356 ἐκ
1017 302 1235 373 διαφέρων
1271 307 1617 377 χρονογςοὶφων,
1652 308 1740 375 'Q‘J
1753 309 1982 378 ἐξηγητῶν
2020 323 2177 367 συλλε-ι

220 368 309 448 ‘ydit-
330 392 409 435 »φη
441 374 648 426 συντεθὲν
684 377 773 422 >imi
810 381 846 426 Γ
848 375 1008 439 swevi&
1043 379 1230 440 μοναχέ
1264 400 1340 440 ²19⁶!
1381 380 1622 441 Συγκὲἃκε.
1693 379 1778 426 Sed
1801 381 1848 426 in
1869 381 1949 427 illo
1972 382 2168 446 perinde

221 451 274 484 Vt
298 457 344 486 in
367 442 506 490 altero
527 444 651 490 cuius
676 444 883 488 meminit
906 441 1132 490 Reinesius
1156 442 1364 507 1·;pistolis
1392 446 1447 492 ad
1468 446 1683 494 Nesteros
1704 464 1804 512 pag.
1826 464 1894 509 ¹7-
1933 464 1976 495 et
1999 451 2045 500 in
2074 465 2167 513 que

221 521 292 552 res
311 506 361 553 ab
385 509 560 561 Adamo
581 511 635 557 ad
659 511 908 575 Imperium
930 527 1072 574 vsque
1100 512 1465 568 h'sichaeliscum
1487 515 1735 569 Theodora
1763 531 1900 562 matre
1932 518 2056 564 ouius
2079 517 2168 562 ini-

223 576 340 623 tium
361 593 466 625 cum
487 584 538 626 A.
562 582 608 625 C.
634 587 741 635 841.
778 577 1006 634 contudit,
1039 595 1312 632 enarrantur,
1339 580 1671 630 lucubrationes
1691 584 1885 644 Georgii
1909 576 2169 639 Hamartoli
2228 573 2241 575 i

227 657 272 692 et
294 647 572 707 Logothetae
582 663 630 695 ac
640 647 939 710 Theophanis
961 663 1064 694 cum
1078 647 1370 709 Syncellianis
1384 648 1596 695 videntur
1609 647 1843 698 confundi.
1896 651 2039 698 'Idem
2054 650 2171 705 Lab·

229 709 340 760 beus
358 717 407 760 in
425 717 707 780 Protreptico
729 714 786 761 de
818 713 1121 778 scriptoribus
1148 715 1414 777 Byzantinis·
1441 716 1649 780 promisit
1679 718 2040 781 Chronologiam
2061 722 2170 783 Syn-

232 782 334 830 celli
365 782 636 844 vulgandam
670 799 725 829 ex
758 784 856 830 MS.
896 782 1005 830 Bibl.
1036 783 1199 843 Regiae
1222 780 1352 830 Paris.
1386 783 1548 830 collato
1573 801 1674 831 cum
1698 789 1912 833 Vaticano
1940 803 2078 850 quem
2098 786 2168 831 de-

229 849 748 918 scripserat‘Holstenius
770 866 813 897 et
841 866 946 896 cum
966 851 1284 896 Mazarinianis
1316 850 1463 898 addita
1488 851 1621 898 latina
1650 852 1854 908 versione
1886 857 1942 900 Io.
1964 853 2171 920 Baptistae

231 925 442 975 Hautim‘,
477 918 567 966 siue
596 919 753 970 Altini,
793 934 929 981 quern
955 920 1056 965 Nic.
1079 918 1260 979 Rigaltii
1291 917 1485 965 leuirum
1507 920 1704 982 Syncelli
1735 920 1900 985 parasse
1922 922 2176 969 editionem

230 990 287 1038 ad
308 988 553 1049 Rigaltium
572 989 742 1032 Romae
772 991 823 1032 A.
851 989 989 1044 1630.
1023 983 1191 1050 scripfit
1221 983 1435 1050 Iosephus
1464 989 1610 1034 Maria
1631 988 1867 1041 Suarefius,
1897 989 1946 1035 in
1974 987 2174 1052 Epistola

235 1073 349 1122 quae
368 1057 531 1116 legitur
561 1056 619 1099 T.
639 1069 683 1117 4.
721 1057 928 1118 Operum
958 1054 1188 1100 Sirmondi
1218 1070 1316 1117 pag.
1339 1058 1450 1114 663.
1520 1061 1581 1102 At
1602 1072 1747 1119 neque
1767 1056 1840 1102 illa
1861 1055 2004 1102 versio
2026 1071 2175 1118 neque

234 1126 376 1174 editio
397 1123 621 1175 Altini-ana
641 1121 757 1167 vidit
775 1121 919 1168 lucem
932 1155 942 1175 ,
978 1118 1053 1168 sed
1072 1125 1240 1168 Goarus
1259 1122 1523 1183 Syncellum
1542 1140 1643 1169 cum
1671 1122 1875 1171 versione
1896 1121 1970 1171 sua
1992 1138 2034 1170 et
2054 1124 2174 1169 notis

233 1192 481 1261 publicauit
503 1185 632 1237 Paris.
665 1196 804 1248 1652.
841 1186 921 1235 fol.
957 1187 1059 1235 Vsus
1081 1189 1248 1236 Codice
1273 1191 1366 1234 MS.
1382 1192 1544 1251 Regiae
1566 1190 1679 1240 Bibl.
1699 1188 1864 1258 scripto
1887 1197 1941 1242 A.
1957 1194 2008 1242 C.
2030 1204 2174 1243 1021.

235 1277 375 1328 quem
397 1258 610 1309 Corinthi
627 1259 800 1326 parauit
822 1260 886 1307 Io·
906 1255 1129 1310 Abramus
1150 1262 1203 1308 A.
1227 1259 1275 1304 C.
1301 1270 1442 1321 1507.

369 1396 569 1464 Syncelli
591 1396 857 1444 Chronicon
878 1396 932 1443 ab
953 1400 1004 1443 A.
1018 1399 1066 1443 C.
1095 1403 1203 1452 285.
1237 1390 1533 1459 (Diocletiani
1559 1397 1615 1448 ι.)
1645 1392 1699 1438 ad
1728 1398 1753 1448 8
1769 1408 1784 1438 r
1800 1406 1856 1452 3.
1875 1393 2069 1452 (Leonis
2093 1395 2178 1440 Ar-

236 1466 364 1515 meni
393 1467 462 1526 1.)
498 1464 778 1511 continuauit
804 1467 1117 1509 THEOPH’ANES
1146 1459 1340 1515 isaurus,
1379 1466 1422 1491 ¹2
1464 1463 1587 1508 cuius
1620 1458 1882 1507 confessoris
1908 1461 2179 1522 imaginem5

236 1537 378 1583 vitam
399 1531 488 1581 siue
507 1532 709 1593 elogium
728 1548 753 1576 a
769 1532 1024 1578 Theodoro
1046 1544 1097 1576 vt
1116 1530 1298 1576 videtur
1318 1529 1488 1576 Studita
1508 1526 1725 1592 scriptum
1750 1529 1908 1575 Latine
1937 1528 2175 1575 ediderunt

237 1604 294 1651 ad
324 1619 393 1649 ια.
424 1601 582 1648 Martii
601 1599 938 1662 Lipomannus,
973 1591 1149 1652 Surius,
1181 1593 1519 1650 Hensehenius‚
1555 1599 1728 1643 Graece
1751 1611 1794 1642 et
1814 1597 1974 1642 Latine
1999 1595 2178 1641 'Franci-

227 1671 327 1734 Jhus
345 1667 596 1727 Combefist'us
623 1666 815 1712 editioni
844 1665 1146 1729 Theophanis
1175 1667 1404 1727 Lupareae
1431 1663 1678 1728 praemisit,
1716 1681 1828 1726 quae
1848 1680 1952 1710 cum
1974 1656 2179 1710 versione

246 1751 292 1787 et
323 1736 443 1783 notis
474 1731 727 1799 posthumis
756 1731 894 1778 Iacobz·
922 1736 1059 1778 Goari
1083 1746 1213 1794 atque
1241 1731 1441 1778 eiusdem
1472 1729 1691 1790 Combcfifii
1720 1729 2179 1776 animaduersionibus

242 1804 417 1871 prodiit
438 1796 564 1848 Paris.
593 1804 732 1857 1655.
769 1796 851 1857 fol.
927 1802 1039 1846 Eam
1067 1803 1123 1845 V.
1146 1802 1194 1845 C.
1222 1801 1279 1844 Io.
1302 1799 1493 1845 Andreas
1507 1798 1651 1859 -Bofim
1681 1793 1920 1843 conferens
1952 1813 2054 1843 cum
2075 1798 2174 1846 MS.

244 1872 414 1919 Codice
434 1866 710 1929 Augustanae
730 1866 841 1914 Bibl.
861 1866 1162 1931 deprehendit
1191 1867 1324 1912 huius
1347 1882 1435 1931 ope
1457 1864 1601 1911 multo
1622 1863 1991 1917 emendatiorem,
2012 1861 2179 1910 alicubi

243 1955 289 1989 et
309 1939 562 2003 pleniorem
575 1969 584 1987 ‚
621 1934 809 1998 expletis
834 1935 996 1998 quibus
1016 1932 1168 1999 passim
1188 1931 1392 1980 foedatus
1411 1931 1472 1979 est
1491 1931 1659 1979 lacunis
1678 1931 1862 1995 aliquot,
1893 1932 1996 1977 dare
2009 1928 2057 1996 xse
2076 1927 2177 1995 pos-

245 2005 301 2060 se,
332 2005 467 2069 idque
496 2001 720 2049 fasiurum
751 2001 957 2066 promisit
987 2003 1317 2048 Exercitatione
1346 2003 1395 2047 in
1419 2000 1683 2065 periocham
1706 1996 1888 2063 Iosephi
1918 1999 1975 2045 de
1995 1995 2176 2045 Christo

245 2092 290 2142 p.
306 2090 384 2136 ²4·
419 2070 648 2118 additurus
670 2070 929 2131 Syncellum
949 2084 992 2115 et
1009 2071 1243 2132 Vtriusque
1273 2069 1631 2115 continuatorem
1655 2065 1898 2114 Genesium
1924 2082 2066 2129 vsque
2087 2066 2177 2113 huc

244 2142 480 2189 ineditum.
513 2136 884 2184 Publicandarum
898 2135 1014 2182 Bofii
1037 2137 1082 2182 in
1093 2136 1430 2200 Theophanem
1451 2133 1830 2187 obseruationum,
1844 2136 2012 2198 quaein
2021 2132 2179 2198 publi-

246 2227 294 2256 ca
310 2205 501 2256 lenensis
518 2204 781 2252 Academiae
794 2203 1069 2251 Bibliotheca
1088 2206 1212 2251 MSS.
1225 2201 1509 2262 assem-antur,
1535 2200 1660 2267 spem
1676 2200 1784 2250 fecit
1796 2203 2023 2264 Georgius
2038 2202 2176 2249 Schu-

248 2276 399 2325 bartus
419 2269 602 2340 praefat.
625 2271 679 2319 ad
698 2271 954 2337 postumam
975 2272 1068 2320 eius
1098 2269 1485 2320 introduffionem
1514 2272 1568 2319 ad
1596 2271 1825 2318 Notitiam
1855 2272 2071 2334 Rerump.
2091 2287 2115 2316 a
2135 2265 2181 2317 se
2233 2294 2246 2298 -

2084 2336 2178 2384 edi-

305 2444 340 2465 ¹²
373 2437 585 2493 Anastasius
602 2437 920 2479 Bibliothecarius
941 2436 1227 2491 Theophanem
1246 2435 1375 2478 laudat
1393 2435 1452 2476 his
1473 2434 1620 2476 verbis:
1678 2432 1703 2460 (ἒ
1729 2435 1847 2475 Porro
1868 2430 1915 2472 de
1933 2432 2050 2472 altero
2079 2431 2177 2486 quid

249 2502 273 2521 “
301 2496 454 2535 dicam?
512 2508 635 2547 quum
665 2505 701 2534 et
726 2495 808 2534 eius
832 2492 1043 2546 conscripta
1060 2494 1158 2538 vita,
1193 2494 1355 2546 qualiter
1381 2489 1560 2532 videlicet
1581 2488 1719 2545 amplis
1744 2488 1987 2543 patrimoniis
2008 2488 2178 2528 venditis
2250 2502 2252 2505 ’

254 2556 277 2573 “
309 2563 461 2589 crucem
479 2549 584 2589 suam
603 2551 752 2595 tulerit,
783 2551 996 2601 qualiterue
1015 2547 1199 2601 sequutus
1218 2547 1415 2588 Christum
1437 2547 1581 2586 abbatis
1601 2547 1644 2586 in
1661 2543 1892 2599 monasterio
1901 2544 2001 2596 Agri
2018 2543 2175 2583 funstus

253 2610 277 2628 “
307 2603 447 2647 officio,
474 2606 677 2644 virtutibus
696 2603 860 2649 fulserit,
890 2605 1086 2644 miraculis
1107 2601 1384 2648 coruseauerit,
1415 2613 1452 2643 et
1473 2601 1661 2642 confessor
1689 2600 1838 2644 obierit,
1863 2596 1948 2638 satis
1967 2609 2176 2651 aperteque

249 2665 273 2682 ‘ss
303 2672 369 2712 per
389 2659 622 2709 Byzantium
643 2670 679 2698 et
699 2661 845 2698 circum
867 2673 1040 2712 quasque
1062 2660 1242 2712 regiones
1260 2659 1331 2705 his,
1362 2659 1429 2710 qui
1447 2671 1579 2711 prope,
1614 2655 1740 2701 ethis,
1770 2654 1840 2706 qui
1857 2653 1976 2705 longe
1993 2653 2082 2693 sunt
2102 2654 2180 2692 cla-.

247 2720 270 2737 “
299 2723 389 2752 met.
455 2711 528 2748 Sed
551 2723 588 2748 et
607 2713 727 2752 studia
746 2716 826 2753 eius
849 2714 895 2753 ad
914 2729 985 2754 nos
1012 2727 1130 2767 vsque
1150 2714 1290 2766 perlata
1312 2715 1398 2767 quis
1420 2713 1477 2752 vel
1498 2723 1664 2764 quantus
1685 2711 1742 2750 vir
1765 2709 1832 2748 iste
1851 2707 1989 2754 fuerit,
2017 2707 2174 2747 sollerti-

246 2776 268 2791 “
298 2769 368 2807 bu<
381 2764 633 2806 manifestant.
653 2795 675 2810 >‚
721 2771 827 2806 Nota
844 2783 958 2820 porro
979 2770 1086 2809 hune
1095 2769 1377 2821 Theophanem
1388 2768 1580 2808 Abbatem
1593 2777 1629 2804 et
1639 2763 1904 2805 Confessorem
1917 2763 2037 2816 longe
2049 2762 2173 2802 diuer-

245 2822 327 2863 sum
340 2820 409 2861 csse
422 2834 441 2860 a
451 2819 692 2872 Theophane
706 2823 907 2872 Byzantio,
928 2826 996 2878 qui
1007 2825 1053 2865 de
1065 2825 1178 2866 rebus
1191 2824 1326 2866 Iustini
1338 2827 1381 2864 11.
1414 2824 1589 2878 Imperat.
1599 2821 1696 2864 A.C·
1713 2824 1804 2875 578·
1824 2815 2179 2875 defunffisscrifsffm
2242 2851 2243 2856 ,
