2263 3027
199 73 322 118 1016
736 63 886 116 CAP.
921 61 1076 115 XXII.
1142 62 1596 115 RVSTICATIO.

193 207 237 240 et
257 195 303 240 in
325 192 419 240 eius
441 185 666 255 opusculis
686 188 842 251 gallice
863 188 994 236 editis
1014 183 1185 235 Parisiis
1216 200 1351 250 1745.
1367 192 1408 242 8.
1430 205 1473 252 p.
1501 199 1605 248 171.
1626 182 1721 251 sqq.
1773 189 1844 235 De
1865 187 2132 251 rusticanam

192 276 238 308 et
269 262 383 308 villis
415 274 617 305 veterum
652 257 1050 304 commentariolus
1079 256 1272 318 Georgii
1292 256 1575 318 Greeniiqui
1605 252 1756 319 postea
1783 253 2014 318 gloriosiss.
2043 275 2132 307 me·

192 330 364 376 moriae
392 323 591 372 EleEtori
623 326 838 372 Saxoniae
859 328 980 377 Ioan.
1001 325 1207 384 Georgio
1231 326 1305 369 111.
1327 340 1350 370 a
1367 320 1496 370 sacris
1518 319 1624 376 fuit,
1662 323 1781 370 vidit
1797 324 1940 370 lucem
1961 323 2134 391 Lipsiae

193 402 247 444 A:
278 402 412 454 ¹⁶67·
433 406 507 443 12.
528 408 571 440 et
594 394 640 439 in
661 396 719 439 T.
747 407 786 441 1.
816 389 1008 439 thesauri
1030 392 1321 453 Sallengriani
1343 407 1385 456 p.
1408 396 1518 452 689.
1541 387 1632 454 sqq.
1664 393 1736 437 cui
1765 391 1991 453 iungenda
2020 410 2134 457 quae

193 463 249 509 de
271 463 493 508 conuiuiis
513 458 684 507 rusticis
706 460 909 507 Stuckius
932 460 1007 507 lib.
1031 477 1069 506 x.
1092 475 1183 524 cap.
1201 460 1627 522 23.'Antiquitatum
1647 459 1980 506 Conuiualium.
2016 465 2135 508 Con-

189 528 360 578 fer-atur
384 545 564 594 quoque
593 529 649 574 de
669 528 758 574 hoc
776 543 1042 589 argumento
1064 529 1183 573 Petri
1203 527 1478 573 Ekermanni
1500 523 1740 573 dissertatio
1767 527 1823 574 de
1850 525 2135 576 rusticatione

189 613 329 645 veter.
351 601 595 644 Romanor.
618 592 764 660 Vpsal.
796 609 933 656 1740.
982 592 1153 656 Wolfg.
1178 594 1263 644 Ad.
1285 595 1520 641 Schroenii
1538 592 1744 641 trastatus
1775 595 1831 642 de
1853 594 1986 642 rebus
2010 594 2135 643 rusti·
2230 655 2234 657 Α

191 667 254 713 cis
275 681 317 712 et
336 665 664 719 oeconomicis‚
703 659 941 710 Erfordiae
967 678 1109 724 1735.
1137 671 1178 718 8.
1255 661 1495 709 Christiani
1523 662 1827 723 Schoettgenii
1854 665 2135 727 antiquitates

188 735 372 780 triturae
392 748 434 779 et
456 729 700 784 fulloniae,
724 731 880 790 Vlrrai.
907 746 1051 792 1727.
1073 739 1117 787 8.
1156 729 1342 777 Roberti
1364 728 1559 786 castelli,
1578 728 1834 784 archioeffi,
1857 746 1972 795 opus
1991 727 2134 796 splen·

189 801 371 847 didum:
405 801 483 846 the
506 805 552 838 29
581 799 719 845 Villas
743 795 800 844 of
823 800 901 846 the
933 801 1130 845 ancients
1151 796 1402 844 illustrated.
1437 797 1639 844 Londini
1679 806 1816 857 ¹728·
1837 794 1916 846 fol.
1947 813 1991 845 et
2013 803 2135 846 Ioan.
2227 799 2235 821 ³

186 869 310 918 Frid.
332 866 515 914 Christii
533 867 795 923 villaticum,
816 865 990 931 Lipsiae
1018 869 1151 930 1746.
1180 873 1222 920 8.
1241 864 1320 911 vbi
1340 866 1386 910 in
1409 864 1662 911 excursibus
1681 862 1927 912 subiunffls
1946 867 2134 920 erudite,
2220 892 2227 924 3

185 951 238 982 vt
265 933 377 982 solet
398 969 409 989 ,
458 932 677 981 Christius
705 934 760 980 de
797 933 997 998 partibus
1029 933 1240 979 villarum
1277 946 1320 979 et
1358 933 1504 979 hortis
1530 938 1749 980 ‘veterum
1792 948 2136 984 commentatur.
2205 980 2216 983 ,

188 1003 320 1051 Adde
348 1003 498 1048 Caroli
527 1003 742 1066 Stephani
773 1001 975 1048 libellum
1004 1001 1059 1047 de
1088 1001 1210 1047 cultu
1239 1002 1482 1046 hortorum
1516 1015 1571 1046 ex
1602 1001 1891 1063 antiquorum
1921 999 2136 1050 sententia

188 1088 292 1118 cum
319 1070 436 1117 libro
463 1070 516 1116 de
535 1085 585 1116 re
609 1067 827 1122 hortensi,
863 1067 1030 1115 Parisiis
1052 1085 1068 1116 ι
1084 1081 1192 1130 539.
1269 1069 1352 1113 Rei
1371 1069 1564 1129 agrariae
1584 1065 1788 1114 au&ores
1808 1069 2014 1133 legesque
2036 1087 2140 1117 cura
2222 1075 2233 1099 Γ

187 1139 329 1186 Wilh.
357 1135 529 1188 Goesii,
553 1135 795 1184 Amstelod.
822 1143 1019 1199 16744.
1050 1139 1119 1182 De
1142 1135 1318 1182 horreis
1341 1134 1476 1182 exstat
1499 1142 1548 1183 Α.
1570 1134 1973 1197 G.P·.1genstecheri
1994 1135 2140 1184 disser-

186 1208 293 1252 tatio
316 1205 371 1252 de
391 1207 487 1251 iure
511 1205 807 1260 horreorum,
829 1203 1076 1264 Duisburgi
1110 1218 1251 1262 1745.
1284 1218 1327 1249 et
1349 1208 1571 1265 Lemgov.
1601 1217 1740 1265 1749.
1765 1213 1806 1260 8.
1862 1207 1930 1250 De
1957 1204 2139 1269 pastori·

184 1273 267 1320 bus
290 1270 364 1319 seu
392 1290 439 1319 re
460 1271 686 1337 pastoritia
711 1287 916 1318 veterum
939 1273 992 1319 ad
1012 1268 1170 1318 Genes.
1196 1273 1376 1317 XLVII.
1406 1287 1446 1331 3,
1468 1288 1511 1334 4.
1550 1273 1780 1318 Laurentii
1796 1274 1974 1318 Ioannis
1990 1272 2140 1319 Wallii
2231 1318 2235 1325 ,

186 1338 427 1388 dissertatio
452 1341 623 1404 prodiit
654 1338 804 1386 Aboae
830 1355 966 1400 1703.
994 1346 1037 1394 8.
1074 1343 1142 1386 De
1165 1338 1498 1400 flelutationibus
1520 1355 1723 1386 veterum
1746 1356 1922 1403 praeter
1948 1341 2139 1387 Alexan·
2230 1389 2232 1391 ‚

185 1411 320 1456 drum
342 1409 543 1455 ab'Alex.
567 1411 619 1454 11.
650 1424 722 1466 19.
743 1422 786 1454 et
809 1408 1004 1455 eundem
1027 1407 1261 1454 Stuckium
1284 1410 1338 1455 II.
1368 1422 1438 1468 31.
1460 1405 1522 1470 sq.
1556 1425 1604 1454 ac
1633 1405 1955 1455 dissertationes
1979 1405 2142 1455 Christ.

183 1477 387 1526 Guibelii
409 1476 464 1523 de
481 1474 759 1528 salutatione,
785 1479 914 1523 lenae
943 1483 1081 1534 1675.
1139 1475 1345 1523 Andreae
1368 1475 1602 1537 Goelingii
1638 1475 1692 1521 de
1722 1477 1895 1523 ratione
1924 1473 2142 1523 salutandi
2232 1479 2233 1482 ’

184 1546 239 1593 ad
263 1561 439 1591 morem
462 1559 691 1599 veterum,
714 1540 863 1608 Vpsal.
896 1546 1032 1605 1697.
1068 1558 1111 1589 et
1133 1546 1251 1589 Ioan.
1282 1544 1539 1605 Henningii
1560 1544 1615 1589 de
1636 1540 1950 1591 salutationum
1974 1542 2138 1591 ritibus

183 1612 398 1675 Magdeb.
437 1619 575 1674 1671).
611 1609 820 1674 singulari
851 1610 967 1658 libro
1001 1611 1175 1658 erudite
1205 1612 1297 1673 egit
1327 1614 1448 1657 Ioan.
1483 1610 1668 1658 Iacobus
1698 1611 1937 1666 Claudius,
1983 1610 2142 1659 Vltrai.
2230 1617 2251 1640 ’

190 1694 330 1741 1702.
362 1693 432 1730 12.
507 1683 575 1726 De
596 1679 669 1726 illa
693 1696 804 1743 quae
828 1678 1005 1726 detesto
1037 1681 1180 1743 capite
1213 1677 1288 1732 fit,
1324 1677 1549 1726 videndus
1583 1681 1716 1726 etiam
1745 1682 1868 1725 Ioan.
1892 1679 2018 1728 Guil.
2039 1682 2141 1725 Ber·
2220 1674 2262 1725 [5¹

185 1766 317 1810 gerus
339 1748 394 1794 de
416 1748 504 1793 ritu
527 1763 657 1812 caput
678 1749 915 1812 operiendi
933 1750 979 1794 in
993 1743 1123 1794 sacris
1151 1763 1193 1811 p.
1208 1743 1359 1810 46.sq.
1400 1750 1470 1794 De
1489 1744 1802 1793 salutationum
1823 1747 2143 1793 matutinarum
2230 1754 2250 1796 ‘f

186 1815 435 1862 ambitione
463 1815 669 1862 videatur
705 1815 905 1862 Baluzius
940 1832 982 1881 p.
1005 1828 1082 1865 22.
1107 1815 1161 1861 ad
1189 1812 1359 1879 epistol.
1391 1816 1624 1879 Cypriani.
1706 1817 1768 1860 Io.
1792 1813 1932 1859 Mich.
1953 1810 2144 1859 Heusin-
2198 1821 2227 1870 j

187 1885 282 1944 geri
306 1879 546 1928 dissertatio
570 1883 625 1928 de
647 1880 983 1930 salutationibus
1007 1885 1316 1928 Romanorum
1340 1883 1566 1928 matutinis
1587 1881 1642 1928 ad
1666 1880 1798 1926 Plinii
1821 1882 1897 1925 111.
1924 1877 2046 1943 epist.
2069 1893 2142 1927 ¹2.
2210 1874 2247 1943 fs

185 1947 349 1996 lfenaci
381 1963 516 2008 1740.
548 1964 590 1994 et
609 1952 726 1994 Petri
747 1950 1024 1996 Ekermanni
1059 1946 1300 2003 dissertatio
1324 1945 1573 1994 officiosum
1594 1950 1680 1992 Aue
1699 1949 2010 1992 Romanorum
2034 1946 2142 1993 leui·
2214 1979 2232 2008 ..3

183 2032 253 2064 ter
274 2015 565 2067 adumbrans,
589 2013 736 2079 Vpsal.
767 2030 903 2078 1745.
972 2016 1102 2062 Adde
1129 2013 1289 2061 Christ.
1324 2014 1465 2060 Gottl.
1496 2014 1737 2062 Schwarzii
1770 2010 1932 2061 dissert.
1961 2013 2017 2060 de
2035 2010 2139 2061 affe·

187 2083 381 2132 station-e
411 2082 528 2146 apud
559 2097 733 2128 veteres
770 2084 999 2129 Romanos
1030 2079 1202 2133 vfitata,
1233 2078 1414 2127 Altorfii
1441 2093 1581 2142 1722.
1639 2082 1855 2137 Romani,
1902 2081 1948 2128 in
1975 2083 2148 2147 primis·
2182 2130 2186 2134 ,
2218 2080 2237 2111 s‘·
2262 2120 2263 2127 ,

186 2153 242 2206 ii,
283 2154 359 2215 qui
380 2149 580 2196 officium
605 2148 838 2214 publicum
863 2147 1142 2206 ambiebant,
1181 2163 1231 2195 vt
1251 2164 1475 2212 quemque
1505 2145 1584 2194 suo
1614 2150 1801 2196 nomine
1828 2146 2054 2196 salutando
2071 2165 2144 2213 ap·
2209 2151 2220 2155 ”
2262 2137 2263 2153 ¹

185 2219 353 2286 pellare
375 2215 575 2282 possent,
612 2217 970 2264 nomenclatores
992 2216 1238 2275 habebant,
1272 2216 1328 2264 de
1359 2215 1520 2280 quibus
1549 2232 1726 2280 praeter
1748 2215 2019 2264 Griibelium
2047 2212 2142 2264 diff.
2210 2216 2235 2264 ζ’

189 2289 302 2334 citat.
325 2299 416 2350 cap.
447 2299 486 2334 2.
532 2286 733 2331 Barthius
763 2282 977 2332 aduersar.
1001 2283 1076 2331 lib.
1106 2297 1182 2343 52.
1204 2302 1237 2331 c.
1262 2301 1331 2330 10.
1368 2286 1577 2345 Sigonius
1599 2284 1653 2331 de
1674 2284 1850 2331 iudiciis
1867 2283 1943 2330 lib.
1959 2299 2000 2334 2.
2016 2297 2140 2347 c.30.

185 2357 421 2401 Preuotius
449 2352 504 2399 de
529 2351 719 2414 magistr.
747 2356 877 2398 Rom.
901 2370 934 2400 c.
960 2368 1000 2413 ς.
1048 2351 1342 2415 Kobierzyck.
1377 2352 1429 2398 de
1466 2352 1573 2398 luxu
1597 2355 1653 2400 ΙΙ.
1679 2364 1724 2402 2.
1760 2368 1803 2398 et
1823 2353 2058 2413 Pignorius
2080 2365 2142 2396 at·
2224 2380 2227 2382 ψ

186 2438 275 2485 que
305 2426 473 2485 Popma
495 2420 549 2466 de
567 2417 717 2466 seruis.
787 2423 856 2467 De
889 2417 1171 2478 salutantium
1202 2420 1386 2482 aliisque
1415 2419 1555 2481 ostulis
1587 2421 1737 2466 omnis
1766 2421 1944 2481 generis
1961 2414 2144 2482 copiose
2196 2422 2219 2489 »κί’

187 2493 278 2551 egit
303 2489 524 2534 Martinus
546 2489 763 2552 Kempius
779 2503 916 2552 opere
941 2488 997 2534 de
1019 2480 1201 2542 osculis,
1239 2485 1447 2533 distinEto
1468 2490 1513 2534 in
1535 2485 1855 2534 dissertationes
1880 2488 2014 2532 XXV.
2047 2484 2139 2532 edi-
2192 2490 2208 2519 1’

186 2572 323 2618 toque
343 2552 549 2601 Francos.
578 2560 771 2611 1680.4.
795 2558 864 2602 cui
885 2555 1114 2602 addendus
1133 2552 1308 2618 Lipsius
1332 2558 1386 2602 II.
1403 2562 1444 2601 6.
1466 2553 1726 2603 eleE’torum.
1749 2551 1931 2601 Iacobus
1943 2557 2141 2600 Herren-
2234 2609 2238 2613 .

186 2621 429 2671 schmidius
451 2624 497 2667 in
521 2620 807 2685 Osculologia
832 2623 1084 2687 Witeberg.
1111 2632 1249 2687 1630.
1277 2635 1352 2678 12.
1389 2637 1432 2674 et
1459 2627 1583 2675 Ioan.
1601 2623 1722 2674 Frid.
1743 2619 1931 2671 Hekelii
1958 2620 2141 2736 libellgs
2208 2678 2210 2681 ι
2255 2654 2259 2690 2

2116 2702 2143 2738 e
2206 2715 2207 2718 η
2255 2707 2258 2725 «

251 2774 290 2802 ³³
318 2772 412 2814 Asta
432 2769 686 2812 Eruditomm
711 2780 833 2824 1731.
862 2784 901 2825 p·
926 2781 1020 2824 109.
