2263 3027
190 93 289 147 706
606 80 758 133 CAP.
794 78 931 132 XIV.
1001 76 1321 132 SENATVS
1358 76 1720 132 ROMANVS.

194 222 364 265 matum
397 223 440 272 p.
475 221 579 258 ¹02.
644 208 714 252 De
740 203 1031 267 Cenfimlibus,
1071 205 1148 270 qui
1182 201 1371 253 fuerunt
1397 202 1565 253 scribae
1593 203 1793 269 publici,
1839 202 2057 257 censuales
2082 223 2141 257 ta·

191 277 317 325 bulas
348 271 658 326 conficientes,
693 273 802 321 vide
821 275 889 322 tit.
913 287 957 324 2.
985 272 1059 321 lib.
1084 281 1126 329 8.
1145 273 1299 322 Codic.
1321 272 1655 326 Theodofiani,
1694 280 1737 321 e't
1758 276 1926 323 Herm.
1952 277 2140 324 Com-in-

193 347 318 407 gium
348 343 402 389 de
430 339 583 391 studiis
606 340 866 389 liberalibus
896 340 1020 390 vrbis
1043 344 1227 393 Romae.
1262 360 1305 408 p.
1332 358 1391 400 30
1410 339 1505 407 sqq.
1582 340 1800 391 Praefeffl
1821 357 2004 389 morum
2025 344 2142 408 apud

194 409 581 472 Carthaginienses
611 425 836 458 memorat
853 412 1021 475 Nepos
1051 411 1382 457 in‘Hamilcare
1414 428 1508 476 cap.
1536 427 1577 472 3.
2132 408 2136 411 ⁴

326 482 495 526 Primos
526 477 615 526 {ine
644 481 860 543 Principes
899 480 1103 533 Senatus,
1138 474 1215 542 qui
1236 479 1425 544 proprie
1455 476 1622 535 fultis,
1660 494 1796 541 quem
1819 473 1993 524 Censor
2015 479 2143 523 Sena·

191 563 290 595 tum
316 544 546 595 recensens
579 547 780 613 primum
808 546 941 609 legit,
976 546 1081 594 vide
1106 547 1393 593 Plutarchum
1420 548 1467 593 in
1489 547 1643 592 Paullo
1678 544 1875 592 Aemilio
1909 561 2007 608 pag.
2032 559 2142 604 275.

194 630 238 662 et
268 613 442 663 Ernesti
482 616 652 662 clauem
687 615 966 677 Ciceroni-an.
1002 615 1123 661 'voce
1164 616 1412 677 PrincepS‚
1459 609 1598 660 reFert
1641 610 1864 660 Onufrius
1900 614 2141 659 Panuinius

195 682 272 731 lib.
295 686 349 730 V.
374 681 608 729 Fastorum
641 699 742 747 pag.
765 684 844 740 96.
868 698 923 730 ex
947 698 1036 745 quo
1071 681 1265 746 patebit,
1303 680 1398 729 falli
1432 679 1708 734 Salmasiutn,
1749 682 1828 745 qui
1862 680 1916 726 de
1943 681 2141 743 primatu

193 753 334 816 Papae
355 767 455 816 pag.
484 757 559 799 26.
583 751 666 804 ait,
700 753 883 804 Senatus
907 751 1133 815 principes
1162 748 1369 802 censum,
1407 750 1485 812 qui
1508 749 1680 795 nullum
1707 748 1815 794 dum
1836 745 2141 810 magistratum

196 815 482 883 capess'erant.
553 818 835 865 Nulli‘en'im
858 815 1031 865 senatus
1050 819 1277 884 principes
1305 815 1382 863 nifi
1410 814 1602 864 censorii
1624 817 1697 863 vel
1720 813 1982 863 consulares.
2053 821 2142 862 Au-

194 885 342 947 gustus
376 884 605 935 censuram
638 903 825 948 gerens,
877 884 1110 950 πρόκριτον
1148 888 1230 943 τῆς
1257 887 1513 951 γερουσίας,
1571 884 1788 949 appellari
1820 880 1863 930 se
1894 880 2038 948 paffus
2067 881 2140 937 est,

193 956 284 1000 Dio
307 954 384 1001 lib.
411 971 482 1015 53.
505 971 604 1019 pag.
625 959 738 1015 496.
807 953 1023 1000 Similiter
1049 951 1287 1008 Tiberius,
1321 952 1583 1017 v.'eundem
1609 969 1710 1017 pag.
1731 958 1843 1014 607.
1867 966 1909 999 et
1931 952 2142 998 Pertinax

193 1025 472 1087 Imperator,
507 1022 627 1068 idem
648 1037 747 1085 pag.
774 1027 887 1084 832.
1706 1068 1708 1071 ,
1862 1052 1867 1054 ἡ

328 1092 399 1136 De
419 1092 576 1140 Senatu
602 1091 810 1135 Romano
838 1093 876 1118 ¹¹
896 1124 908 1144 ‚
943 1085 1289 1150 senatorumque
1322 1083 1498 1138 diuerso
1531 1101 1616 1150 pro
1649 1083 1830 1133 diuerfis
1859 1083 2142 1150 temporibus

120 1205 127 1215 ,
196 1174 416 1212 ιιωῃεῑο,
462 1155 785 1213 conuentibus,
824 1153 1060 1219 potestate,
1093 1152 1252 1201 officiis
1285 1169 1328 1201 et
1359 1151 1492 1201 censu
1531 1153 1754 1200 videndus
1785 1155 1924 1199 Paulli
1949 1155 2144 1199 Manutii

193 1224 310 1273 liber
331 1229 490 1273 Venet.
510 1231 670 1286 ,1581.
697 1240 739 1282 4.
768 1222 928 1269 Colon.
960 1230 1101 1282 1582.
1129 1231 1169 1279 8.
1204 1236 1246 1268 et
1268 1224 1380 1279 Iocm.
1414 1224 1537 1268 Sarii
1553 1215 1757 1283 Zamostii
1788 1220 1895 1267 libri
1918 1233 1960 1270 2.
1981 1224 2139 1267 Vener.

200 1297 346 1356 1563.
369 1309 416 1355 4.
440 1296 682 1354 Argentor.
709 1293 850 1344 1608.
877 1298 919 1345 8.
991 1288 1165 1337 Ambos
1193 1291 1453 1336 Manutium
1477 1304 1520 1336 et
1540 1289 1827 1336 Zamoscium
1844 1287 1979 1335 habes
2006 1290 2140 1335 etiam

125 1357 138 1359 '⁷
191 1364 250 1406 T.
273 1379 308 1408 1.
324 1357 517 1407 thesauri
530 1359 785 1411 Graeuiani,
805 1373 848 1404 et
871 1359 917 1404 in
934 1356 1174 1420 Clausingii
1197 1358 1296 1406 lure
1317 1356 1443 1423 publ.
1473 1360 1605 1404 Rom.
1620 1360 1681 1405 T.
1700 1368 1802 1421 2'.p.
1826 1368 1853 1405 2
1862 1369 1887 1416 5
1896 1362 1937 1401 6.
1966 1369 2008 1403 et
2019 1359 2078 1402 T.
2096 1371 2138 1415 3.

195 1445 241 1493 p.
274 1446 313 1475 1.
382 1429 471 1476 His
498 1427 600 1475 addi
629 1424 823 1492 poss‘unt
841 1429 906 1472 M.
926 1429 1129 1473 Antonius
1156 1428 1428 1490 Maior-agius
1451 1426 1506 1472 de
1540 1428 1702 1472 Senatu
1731 1427 1866 1473 Rom.
1895 1423 2143 1473 Mediolan-

197 1511 220 1543 ι
235 1499 344 1554 516.
366 1511 414 1558 4.
487 1500 695 1562 Georgius
717 1493 975 1559 Vauchopins
999 1496 1047 1540 in
1069 1493 1245 1540 laudato
1276 1490 1408 1558 supra
1427 1493 1483 1540 de
1505 1491 1832 1555 magistratibus
1861 1491 2024 1556 populi
2054 1494 2143 1538 Ro-

198 1566 324 1611 mani
347 1581 500 1629 opere.
557 1561 732 1612 Aufi’tor
754 1561 861 1608 libri
877 1564 925 1608 in
946 1560 1329 1627 Ephemeridibus
1349 1559 1656 1608 Parifienfibus
1678 1562 1784 1608 anni
1812 1573 1951 1621 1702.
1973 1573 2085 1624 part.
2100 1575 2142 1605 2.

197 1649 298 1697 pag.
322 1640 435 1689 218.
459 1647 502 1679 et
522 1633 571 1678 in
594 1632 751 1678 Diario
772 1629 1049 1677 Londinenfi
1071 1630 1177 1676 The
1199 1628 1392 1692 History
1411 1626 1470 1675 of
1485 1629 1560 1676 the
1581 1628 1750 1677 Works
1770 1624 1829 1675 of
1840 1628 1917 1674 the
1939 1625 2142 1674 Learned

202 1715 342 1760 1703.
363 1717 463 1765 pag.
493 1713 600 1761 323.
623 1696 826 1746 recensiti
849 1698 1048 1762 editique
1070 1697 1243 1745 Gallice
1263 1694 1395 1747 Paris.
1429 1710 1566 1758 ¹702·
1596 1713 1611 1743 ι
1627 1714 1667 1743 2.
1701 1694 1785 1742 sub‘
1802 1695 1934 1741 titulo
1954 1695 1990 1739 le
2011 1697 2140 1739 Senat

196 1768 377 1816 Romam
388 1802 405 1822 ,
441 1783 484 1814 et
506 1765 642 1815 recufi
666 1766 835 1813 ibidem
866 1781 921 1826 17
936 1782 947 1813 ι
962 1781 1005 1829 3.
1029 1774 1071 1821 8.
1091 1762 1169 1811 sub
1193 1765 1346 1811 titulo:
1385 1766 1422 1808 le
1449 1763 1628 1808 Tableau
1647 1765 1698 1806 de
1717 1762 1890 1806 l'ancien
1910 1761 2036 1805 Sonat
2058 1762 2141 1805 Ro-

196 1839 324 1882 main.
399 1832 671 1892 Dissertatio*
684 1835 740 1881 de
768 1834 928 1881 eodem
962 1842 1229 1895 argumento
1267 1827 1428 1875 inserta
1467 1829 1700 1874 memoriis
1728 1827 2001 1873 Triunltinis
2033 1827 2140 1872 anni

203 1915 344 1962 1703.
372 1899 524 1948 mense
544 1903 674 1948 Iunio
708 1919 806 1965 pag.
831 1915 893 1962 42
905 1916 945 1961 ς.
1021 1904 1178 1947 Petrus
1202 1901 1410 1945 Damtius
1439 1896 1487 1941 in
1525 1894 1791 1942 diffionatio
1824 1895 2140 1957 antiquitatum

197 1972 373 2017 Graeco
393 1972 526 2015 Rom.
556 1985 657 2032 pag.
683 1984 777 2029 733
803 1997 816 2002 -
844 1971 957 2025 736.
1029 1967 1238 2012 Guilielmi
1253 1965 1471 2011 Bellenden
1493 1960 1681 2017 Consul,
1722 1966 1908 2009 Senator
1938 1965 2142 2009 Senatus·

198 2053 287 2101 que
310 2040 360 2083 R.
387 2054 412 2084 e
441 2038 662 2083 Cicerone
693 2032 916 2096 descripti.
947 2030 1074 2079 Paris.
1116 2035 1253 2080 1612.
1283 2038 1325 2086 8.
1396 2034 1461 2079 M.
1492 2033 1666 2076 Antonii
1691 2032 1886 2076 Fer-razii
1916 2028 2139 2094 Epistolae

196 2122 299 2169 pag.
325 2119 382 2165 71
409 2094 503 2168 sqq.
574 2106 745 2149 Vertoti
766 2098 1008 2165 Responfio
1036 2099 1090 2145 ad.
1110 2095 1390 2146 difficultates
1411 2098 1463 2145 ab
1486 2097 1644 2143 illustri
1663 2098 1912 2161 Stanhopio
1937 2094 2140 2162 proposi-

198 2187 284 2225 τῆς,
320 2169 478 2218 inserta
501 2169 718 2218 secundae
746 2168 937 2215 editioni
955 2165 1182 2213 Historiae
1210 2168 1548 2213 reuolutionum
1569 2168 1615 2212 in
1637 2164 2017 2212 administratione
2039 2166 2139 2211 Rei·

198 2239 323 2305 publ.
352 2243 602 2291 Romanae,
643 2252 697 2284 et.
713 2234 946 2300 separatim
976 2231 1146 2281 excusav
1165 2237 1319 2295 Hagae
1359 2249 1497 2293 1721.
1540 2251 1553 2297 i
1568 2226 1609 2284 2.
1681 2237 1859 2296 Conyers
1882 2233 2140 2281 Middletoni

200 2307 314 2355 liber
338 2308 511 2369 anglice
530 2304 609 2352 sub
632 2306 719 2352 hoc
746 2304 900 2351 titulo:
940 2305 977 2349 A
1001 2302 1190 2363 Treatifi‘
1209 2304 1259 2349 051
1277 2302 1348 2349 the
1370 2306 1534 2350 Roman
1552 2304 1722 2357 Sonare,
1762 2299 1911 2348 Lond.
1944 2315 2079 2360 1747.
2096 2308 2140 2354 8.

201 2376 370 2427 editus,
415 2377 492 2438 qui
526 2376 781 2436 germanice
814 2368 968 2418 versus
1001 2388 1024 2425 a
1057 2370 1165 2417 Chr.
1199 2371 1305 2416 Ern.
1337 2388 1359 2417 a
1388 2370 1654 2417 Windheim
1686 2368 1859 2434 prodiit
1891 2368 2139 2428 Gottingae

208 2451 349 2506 1748.
379 2451 416 2497 8.
444 2443 592 2489 italice
612 2442 813 2491 Veneriis
843 2455 980 2497 1747.
1010 2447 1050 2495 8.
1088 2454 1131 2489 et
1163 2438 1335 2485 Gallice
1356 2436 1494 2486 Amst.
1522 2454 1659 2498 ΠΜ.
1689 2444 1732 2492 8.
1811 2431 1988 2482 Thoinae
2015 2435 2142 2502 Chap-

204 2517 347 2559 manni
369 2509 485 2559 liber
512 2509 671 2558 itidem
692 2508 864 2571 anglice
882 2504 962 2554 sub
988 2508 1076 2555 hoc
1095 2505 1264 2553 indice:
1301 2510 1364 2555 An
1385 2502 1500 2571 Effay
1526 2522 1577 2556 on
1597 2504 2010 2558 theRomanSenate,
2031 2505 2143 2617 (ξη-

2005 2585 2045 2616 ta
2082 2587 2146 2616 τυ.

258 2676 291 2697 ¹¹
311 2673 424 2711 Velut
452 2676 600 2725 Regum
630 2673 837 2716 multitudo
870 2673 911 2715 in
942 2686 1062 2715 vnum
1097 2671 1221 2714 coacta
1239 2699 1251 2718 ‚
1276 2671 1426 2727 asylum
1445 2670 1580 2713 mundi
1610 2670 1736 2714 totiu‘s.
1791 2665 1958 2708 Valesius
1979 2667 2026 2707 ad
2047 2669 2140 2707 Am-

203 2727 318 2768 mian.
340 2729 657 2772 Marcellin.XVL
682 2745 700 2776 1
712 2743 744 2774 1.
761 2744 799 2785 p.
818 2741 909 2784 ¹29·
940 2734 945 2739 ’
966 2732 1012 2771 ln
1031 2728 1250 2786 numisfefoe
1269 2731 1483 2782 σύγκλητος,
1511 2727 1584 2770 aeds
1603 2723 1918 2778 «dynamnapud
1936 2722 2140 2777 Fustanum

124 2822 126 2824 .
203 2795 291 2837 pag.
315 2787 386 2832 128
407 2793 443 2823 et
460 2794 527 2846 97.
