2263 3027
217 83 319 151 79}
601 74 751 128 CAP.
787 73 927 126 XVI.
994 72 1182 125 NVMI
1219 72 1488 130 PVN1C1',
1525 72 1805 135 PERSlCI,
1848 144 1851 145 ⁷

217 203 530 269 antiquitatum
553 195 795 264 Hispaniae
816 213 860 246 et
874 194 1071 253 Africae,
1101 198 1315 245 idiomate
1342 195 1574 263 hispanico
1614 195 1942 262 expositarum:
1986 196 2154 250 sedac-

217 274 408 320 curatius
443 273 520 316 lac.
544 264 850 314 Rhenferdius
883 268 932 313 in
961 266 1162 331 periculo
1192 267 1438 313 Phoenicio
1474 264 1560 312 siue
1588 265 1855 313 litteraturae
1889 266 2153 316 Phoeniciae

211 339 480 405 specimine,
515 353 614 400 pag.
641 351 732 399 732
755 332 848 399 sqq.
871 338 1010 399 Oper.
1032 333 1254 395 Philolog.
1288 350 1418 398 atque
1447 332 1722 397 in‘epistolis
1753 332 1808 380 de
1843 337 1991 380 numis
2015 337 2152 382 Phoe-

215 409 345 454 niciis
377 401 634 451 nobilissimi
654 404 795 457 Barii,
831 419 1020 466 quarum
1041 417 1359 464 argumentum
1390 404 1577 465 exponit
1613 404 1674 445 Io.
1701 401 1899 447 Clericus
1924 417 2049 448 tomo
2079 417 2153 451 11.

212 475 325 522 Bibl.
356 470 538 520 sele-stae
566 488 659 536 pag.
693 485 777 529 105
799 466 860 534 sq.
940 472 1169 516 Maximus
1206 485 1451 516 humorum
1487 469 1759 515 Punicorum
1793 485 2006 515 numerus
2036 468 2158 516 tabu-

214 542 267 588 lis
289 559 377 587 vna
411 556 453 587 et
485 539 835 603 quinquaginta,
869 534 944 584 sed
975 539 1051 601 qui
1083 537 1299 601 explicari
1321 551 1363 583 et
1392 535 1596 582 illustrari
1619 535 1670 581 ab
1694 533 1976 582 Rhenferdio
2003 537 2152 599 aliquo

212 609 479 659 desiderant,
528 623 627 654 aere
662 603 908 670 descriptus
940 605 1042 652 latet
1071 606 1118 650 in
1141 604 1258 649 libro
1293 621 1385 650 non
1416 604 1563 650 vbiuis
1597 602 1733 649 obuio
1767 619 1896 667 atque
1929 602 2157 669 hispanice

213 679 336 725 edito
361 672 718 736 Caesaraugustae
743 677 794 720 A.
825 675 962 736 1644.
985 690 1026 730 4.
1049 673 1136 718 hoc
1155 671 1309 718 titulo:
1346 672 1496 733 slsluseo
1520 674 1568 716 de
1592 673 1650 716 las
1669 672 1858 716 metallas
1876 672 2158 732 destonocidas

213 744 461 811 Espannolas
486 749 554 798 24,
595 741 774 807 publica
798 739 843 786 lo
882 743 934 786 D.
965 743 1178 787 Vincentio
1199 741 1314 785 Ioan.
1338 742 1387 785 de
1407 739 1641 802 Lastanostc,
1682 741 1856 784 Sennor
1877 739 1931 785 de
1952 741 2158 800 Figarve-

211 813 298 866 las,
341 814 354 858 i
375 811 418 857 lo
443 811 597 857 dedica
616 810 656 856 al
681 805 1059 855 Excellentiffimo
1082 811 1258 854 Sennor
1290 811 1345 857 D.
1370 808 1645 853 Bernartliuo
1669 806 1929 853 Fernandez
1959 807 2014 853 de
2042 806 2156 853 Bela-

208 878 307 935 sco,
345 877 639 926 Condestable
665 876 720 922 de
740 873 912 922 Castilla
947 892 978 939 y
1011 879 1151 922 Leon.
1230 874 1348 920 Vide
1376 889 1418 920 et
1450 891 1612 921 numos
1646 876 1836 920 Punicos
1870 875 1918 920 in
1954 875 2158 921 Andreae

208 948 400 996 Morelli
418 943 662 1010 specimine
682 945 749 990 rei
779 944 1006 989 numariae
1036 959 1134 1006 pag.
1157 944 1268 1000 236.
1296 946 1404 1001 246.
1437 957 1481 988 et
1515 943 1671 1001 Begeri
1701 939 1906 987 thesauro
1936 942 2158 989 Branden·

208 1015 339 1076 burg.
369 1029 497 1060 tomo
532 1027 567 1062 ι.
590 1029 690 1076 pag.
717 1024 827 1070 302.
862 1025 904 1056 et
927 1009 1129 1056 Gisberti
1162 1010 1331 1071 Cuperi
1364 1024 1507 1054 exerc.
1544 1005 1782 1053 secundam
1815 1010 1870 1054 de
1908 1010 2159 1074 elephantis
2233 1035 2248 1069 4

208 1085 257 1130 in
280 1083 430 1128 numis
453 1098 550 1145 pag.
577 1082 681 1127 166.
715 1093 825 1128 tom.
856 1095 893 1131 3.
927 1074 1119 1122 thesauri
1149 1074 1468 1135 Sallengriani„
1522 1079 1778 1121 Tentatnen
1801 1093 1963 1122 numos
1983 1093 2158 1124 veteres

211 1144 600 1211 Carthaginienses
624 1144 878 1210 explicandi
907 1145 1161 1206 germanice
1194 1142 1334 1190 edidit
1365 1145 1488 1190 Ioan.
1520 1144 1662 1191 Mich.
1695 1144 2012 1194 Weinrichius.
2044 1147 2157 1192 Mei-

208 1234 388 1280 nungae
420 1230 556 1276 ¹722·
576 1230 620 1277 4.
1195 1213 1198 1216 ’

347 1279 646 1330 Numismatis
666 1297 690 1328 e
709 1276 941 1345 puriffimo
966 1295 1074 1326 auro
1099 1274 1186 1326 cufi
1206 1295 1229 1325 a
1254 1294 1361 1341 rege
1381 1277 1612 1341 Persarum
1641 1280 1780 1325 Dario
1819 1280 2027 1329 meminit
2060 1282 2158 1327 He-

207 1352 399 1402 rodotus
421 1355 498 1398 IV.
534 1351 639 1400 166.
663 1348 742 1395 vbi
765 1348 888 1394 addit
911 1347 1173 1410 Aryandem
1194 1348 1396 1412 Aegypti
1411 1351 1667 1394 Praetorem
1689 1346 1891 1397 similiter
1915 1367 1968 1396 ex
1989 1346 2161 1413 puriffi-

211 1437 293 1469 mo
327 1434 512 1482 argento
541 1433 704 1465 numos
736 1416 839 1463 cudi
874 1412 1051 1462 curasse.
1117 1416 1304 1462 Daricos
1339 1429 1468 1461 vocat
1487 1415 1749 1462 Plutarchus
1770 1421 2044 1469 Artaxerxe,
2078 1416 2157 1480 qui
2232 1417 2236 1419 ’

210 1506 312 1555 pag.
347 1501 436 1538 102
451 1502 483 1535 t.
509 1500 553 1533 et
573 1487 622 1533 in
643 1482 844 1546 Agesilao
865 1500 965 1548 pag.
990 1489 1099 1541 604.
1122 1481 1304 1530 testatur
1323 1499 1487 1530 numos
1506 1483 1700 1530 Persicos
1733 1481 1942 1548 sagittarii
1961 1486 2158 1546 imagine

211 1555 406 1618 fignatos
424 1551 565 1602 fuisse.
637 1549 809 1600 Confer
839 1551 894 1598 de
929 1554 1105 1617 Daricif
1133 1549 1404 1599 Scholiasten
1439 1549 1753 1617 Aristophanis
1777 1552 1910 1618 Vesp.
1955 1570 2055 1616 pag.
2077 1568 2154 1612 93.

213 1626 438 1673 Zonaram
461 1621 538 1669 lib.
566 1637 638 1672 10.
660 1637 752 1686 cap.
779 1629 853 1681 36.
926 1620 1229 1681 Conringium
1255 1619 1332 1668 lib.
1355 1621 1426 1666 cit.
1458 1636 1552 1684 cap.
1573 1637 1616 1678 4.
1688 1623 1979 1668 Gronoflium
2003 1621 2058 1668 de
2079 1636 2156 1683 pe-

212 1694 342 1739 cunia
365 1706 525 1752 vetere
557 1689 638 1739 Ill.
661 1706 705 1748 7.
774 1684 1180 1734 Eisenschmidium
1212 1687 1266 1733 de
1297 1687 1577 1751 ponderibus
1605 1702 1648 1734 et
1677 1685 1895 1734 mensuris
1925 1705 2020 1750 pag.
2048 1699 2153 1747 142.

212 1762 285 1806 De
339 1758 450 1805 siclis
502 1756 702 1813 perficis,
749 1757 805 1803 de
843 1755 1004 1819 quibus
1035 1753 1238 1802 Waserus
1266 1755 1347 1802 lib.
1375 1769 1420 1804 2·
1454 1772 1545 1817 cap.
1579 1770 1651 1802 12.
1683 1754 2000 1814 intelligendus
2030 1754 2153 1798 locus

210 1840 244 1876 2
262 1826 449 1872 Samuel.
470 1825 590 1871 XIV.
615 1832 695 1873 26.
772 1826 836 1869 Hi
860 1821 964 1870 οίὶο
991 1838 1164 1869 tantum
1187 1821 1430 1868 obolorum
1453 1822 1711 1868 Atticorum
1732 1837 1880 1874 erant,
1919 1823 1976 1866 ita
2011 1836 2060 1866 vt
2089 1835 2154 1865 to-

211 1908 310 1940 tum
350 1893 529 1957 pondus
568 1891 836 1954 capillorum
881 1888 1121 1937 Absolonis
1159 1886 1297 1936 fuerit
1327 1889 1560 1934 vnciarum
1587 1903 1658 1943 31.
1695 1903 1746 1933 vt
1777 1902 1899 1934 notat
1930 1887 2152 1934 Relandus

210 1976 338 2026 parte
364 1976 402 2006 2.
425 1956 517 2005 diff.
545 1956 726 2004 miscell.
757 1975 855 2021 pag.
883 1972 989 2017 237.
1019 1972 1272 2019 quanquam
1306 1954 1380 2000 alii
1415 1953 1553 2000 verba
1582 1951 1689 2000 sacri
1720 1952 1949 2019 scriptoris
1977 1973 2071 2001 non
2097 1956 2152 2002 de
2232 1962 2244 1967 ”

211 2028 418 2093 pondere
438 2024 510 2073 sed
530 2026 679 2090 pretio
700 2040 930 2070 comarum
955 2023 1128 2070 malunt
1146 2023 1362 2088 accipere,
1392 2023 1513 2085 quod
1533 2019 1700 2068 refellit
1721 2024 1964 2070 Bochartus
1983 2039 2092 2070 tom.
2111 2039 2151 2072 1.
2203 2080 2209 2083 Α

214 2113 313 2162 pag.
337 2103 447 2156 884-
1852 2143 1861 2147 -

343 2160 623 2209 Arabicorum
651 2174 897 2206 numorum
929 2174 1142 2220 magnum
1173 2172 1413 2204 numerum
1448 2156 1685 2218 collegerat
1706 2156 1891 2210 Carolus
1913 2161 2020 2205 Cato
2043 2160 2151 2204 Cur-

212 2234 324 2289 tius,
365 2246 500 2294 quem
525 2228 669 2275 laudat
690 2228 889 2273 Andreas
908 2226 1130 2272 Morellus
1150 2227 1196 2271 in
1215 2223 1458 2290 specimine
1481 2229 1547 2273 rei
1571 2229 1798 2273 numariae
1817 2243 1917 2291 pag.
1943 2238 2046 2283 232.
2069 2225 2150 2272 vbi

210 2298 395 2347 exhibet
419 2312 608 2344 numum
622 2295 928 2349 Salahoddini,
947 2296 1024 2358 qui
1041 2291 1407 2357 Hierosolymam
1422 2289 1680 2340 Christianis
1702 2296 1868 2358 eripuit
1880 2297 1988 2340 A.C.
2006 2309 2025 2340 1
2045 2309 2148 2354 ¹77·

207 2370 280 2415 De
299 2366 394 2413 aliis
418 2361 681 2428 quibusdam
704 2364 810 2409 vide
836 2363 1166 2424 Hortingerum
1190 2361 1243 2408 ad
1266 2363 1427 2409 calcem
1463 2360 1568 2408 libri
1599 2362 1654 2408 de
1685 2363 1829 2427 cippis
1859 2360 2077 2408 hebraicis
2106 2373 2149 2406 et

208 2451 307 2500 pag.
337 2449 443 2493 115.
511 2430 847 2479 Bibliothecarii
883 2431 1222 2495 quadripartiti,
1270 2444 1400 2494 atque
1432 2431 1546 2479 Rud.
1575 2429 1810 2495 Capel‘lum
1840 2427 2040 2476 nostrum
2071 2426 2149 2479 τᾶν

1992 2517 2149 2561 μακα-

265 2625 305 2652 24
334 2619 517 2664 Gustauus
538 2619 766 2676 Peringerus
784 2619 824 2661 in
847 2617 1008 2676 Ecloga‚
1036 2613 1113 2660 siue
1128 2618 1299 2675 catalogo
1321 2618 1508 2661 librorum
1528 2616 1816 2674 Sparwenfeldii
1848 2631 1933 2671 pag.
1955 2628 2020 2671 ας.
2042 2617 2148 2658 τείὶει·

209 2687 272 2719 tur
289 2676 334 2716 ab
356 2677 429 2716 hoc
451 2679 531 2716 viro
552 2678 688 2732 insigni
714 2680 834 2717 illatos
861 2688 999 2717 numos
1020 2675 1202 2717 eiusmodi
1223 2679 1374 2730 triginta
1395 2676 1646 2717 bibliothecae
1667 2676 1765 2729 regis
1790 2675 1957 2719 Simiae,
1991 2673 2148 2714 felicius·

211 2746 285 2787 que
306 2732 405 2785 posse
424 2734 598 2784 explicari
617 2747 664 2772 ex
681 2734 831 2786 linguae
850 2731 1125 2787 scripturaeque
1146 2733 1311 2774 Runicae
1340 2732 1605 2788 penetralibus.
1662 2730 1777 2775 Adde
1808 2742 1895 2785 pag·
1920 2729 1986 2776 60.
2009 2730 2072 2772 vbi
2092 2741 2147 2772 ca·

212 2790 361 2843 mogus
379 2787 569 2831 librorum
587 2786 808 2829 Lastanosae
828 2799 1076 2837 memoratur.
1204 2799 1207 2801 ·
