2263 3027
208 92 303 141 828
641 83 790 136 CAP.
832 81 1003 141 amu.
1034 99 1037 103 ·
1075 78 1725 141 SlGNA·‘M1L1TAR1A.

210 222 255 258 et
277 206 332 256 de
357 207 628 255 draconariis
650 225 695 274 p.
719 216 832 267 8¹5·-
899 210 1352 277 Gregorius-‘quoque
1375 211 1612 260 Michaelis
1633 212 1682 260 in
1706 208 1899 261 notis'ad
1919 211 2153 263 Gaffarelli

202 275 479 327 curiositates
511 276 729 337 inauditas
764 276 983 340 ¹singulare
1011 278 1244 344 syntagma
1288 282 1344 328 de
1373 297 1580 328 veterum
1621 281 1800 328 vexillis
1840 280 2045 345 promisit
2075 280 2153 330 sed

211 344 339 410 quod
361 342 574 390 haslenus
594 345 766 392 editum
791 363 884 399 non
915 347 986 395 est.
1057 350 1176 396 Vide
1205 350 1388 396 interim
1412 346 1727 414 Tiraquellum
1759 350 1813 396 ad
1846 348 2154 396 Alexandrum

211 412 266 459 ab
295 412 553 460 Alexandro
586 413 658 460 IV.
689 427 733 462 2.
800 418 848 461 T
852 416 1462 483 heodoru-m·Hoepingium
1497 418 1553 465 de
1579 422 1811 465 armorum
1841 431 1886 464 et
1913 415 2159 478 insignium

210 481 313 528 iure
342 497 432 544 cap.
468 495 536 542 17.
557 497 656 544 pag.
680 491 770 542 833
798 480 860 548 sq.
938 488 1058 531 loan.
1079 486 1350 532 Michaelem
1375 487 1703 533 Weinrichium
1725 483 1818 532 diff.
1837 485 1893 532 de
1913 484 2091 532 vexillis
2112 497 2156 530 et

211 546 504 602 vexillifetlis,
541 548 710 595 Erfurt.
736 565 875 609 17¹0.
897 568 958 611 4..
1011 555 1228 600 Benetoni
1253 555 1308 600 de
1336 556 1493 600 Perrin
1514 551 1676 600 differt.
1702 555 1757 600 de
1790 553 1921 615 signis
1954 551 2156 598 militari·

214 616 319 671 bus,
348 617 394 662 in
414 617 574 680 primis
597 617 849 674 Gallorum,
871 617 1077 666 insertam
1102 624 1334 668 Mercurio
1354 621 1514 684 gallico
1536 628 1587 670 A.
1619 638 1757 682 1735.
1782 638 1825 686 p.
1852 629 1937 669 261
1960 633 2161 680 et1050.

212 699 262 732 et
283 685 496 747 Stephani
516 684 689 732 Claudii
710 689 926 734 Benetoni
956 704 1245 735 commentat.
1277 690 1331 736 de
1364 688 1497 752 {ignis
1525 689 1793 736 militaribus
1812 689 2159 753 praecipuarum

215 753 422 815 gentium
447 749 707 816 praesertim
720 755 970 801 Gallorum,
995 753 1124 803 Paris.
1156 771 1291 818 1742.
1323 767 1360 808 8.
1425 759 1702 809 Hit-aerario,
1727 757 1850 820 quod
1866 770 1959 803 erat
1979 757 2026 800 in
2047 769 2161 800 tem·

213 820 296 888 plo
328 821 528 876 Saturni,
572 819 672 886 post
701 820 871 870 bellum
901 822 1120 870 indifiium
1154 825 1318 871 vexilla
1346 824 1555 889 petebant
1584 823 1846 889 quaestores.
1932 822 2048 868 Vide
2084 822 2160 868 Li-

217 890 347 935 uium
371 887 451 938 lll.
476 897 550 946 69.
584 903 627 935 et
659 887 722 935 ibi
745 906 895 936 notam
937 895 999 938 H.
1025 890 1182 938 Valesti
1198 926 1212 951 ,
1248 891 1326 938 vbi
1347 908 1390 939 et
1409 891 1527 954 signa
1549 909 1754 939 veterum
1777 891 2017 939 Gallorum
2041 885 2162 936 lnsu-
2236 899 2263 945 ..2

216 954 379 1010 brum,
413 970 456 1002 et
479 954 676 1002 labarum
697 955 788 1003 siue
824 963 864 996 15
895 958 1252 1007 auriflammeum
1276 963 1554 1005 Francorum
1578 963 1625 1006 in
1647 961 1818 1024 templo
1838 956 2059 1005 seruatum
2081 957 2162 1003 do·
2232 967 2261 1008 v<

213 1039 300 1072 tet.
369 1026 438 1069 De
458 1023 635 1070 vexillis
669 1027 844 1085 Regum
866 1026 1207 1073 Franciaewide
1241 1029 1304 1072 Io.
1327 1030 1408 1073 Iac.
1431 1026 1692 1074 Chifletium
1726 1029 1772 1073 in
1793 1030 1916 1090 Opp.
1937 1023 2161 1071 historicis
2236 1003 2249 1084 ξ
2262 1072 2263 1076 ,

218 1109 265 1157 p.
290 1107 379 1152 23¹
410 1088 503 1153 sqq.
527 1106 569 1137 et
592 1093 811 1151 Cangium
833 1095 878 1138 in
899 1095 1188 1154 aurzflamma,
1225 1097 1464 1140 Cornettus.
1533 1098 1603 1141 De
1632 1092 1829 1159 auspicio
1863 1110 1917 1140 ex
1950 1092 2165 1140 acumini·
2236 1080 2263 1146 s

219 1161 330 1211 bus,
376 1157 537 1221 quibus
575 1159 745 1221 aquilae
784 1174 828 1205 et
857 1158 977 1222 signa
994 1167 1150 1210 'terrae
1184 1158 1507 1223 infigebantur,
1554 1163 1659 1210 vide
1701 1163 1968 1209 Geuartium
2009 1159 2085 1206 lib.
2123 1174 2163 1207 1.
2225 1163 2249 1221 ,J

220 1224 481 1275 Elefilorum
502 1241 594 1289 cap.
622 1241 662 1273 2.
687 1241 729 1272 et
752 1229 885 1274 Pierii
905 1229 1259 1293 Hieroglyphic.
1285 1233 1425 1276 XLII.
1447 1247 1540 1294 cap.
1563 1238 1639 1287 88.
1710 1228 1998 1276 Vexillorum
2021 1228 2164 1273 varias
2231 1247 2259 1287 g

217 1293 383 1357 figuras
405 1309 458 1338 ex
482 1294 674 1357 antiquis
699 1292 848 1356 sigillis
868 1296 1052 1344 exhibet
1078 1300 1138 1346 10.
1160 1297 1590 1345 Mich.1-Ieineccius
1613 1295 1732 1344 libro
1749 1298 1805 1344 de
1823 1295 1975 1358 sigillis
1993 1311 2036 1360 p.
2052 1308 2164 1354 299.
2198 1320 2202 1324 f

220 1363 296 1410 eui
314 1361 425 1407 adde
446 1377 490 1425 p.
522 1374 629 1420 129.
653 1377 696 1409 et
722 1366 865 1413 Henr.
888 1365 1212 1429 Speelmannus
1232 1362 1512 1430 in‘aspilogia
1542 1383 1585 1430 p.
1614 1381 1669 1423 15
1695 1362 1788 1429 sqq.
1859 1361 1978 1410 Pia-a
1997 1362 2164 1409 vexilla
2244 1383 2263 1424 ῃ

221 1430 491 1483 draconum,
530 1431 704 1476 Iuretus
738 1427 818 1477 fol.
839 1446 952 1488 900.
983 1433 1038 1480 ad
1068 1433 1146 1481 lib.
1169 1448 1214 1494 4.
1281 1434 1472 1480 Paullini
1503 1434 1558 1480 de
1586 1434 1678 1479 vita
1708 1436 1749 1480 S.
1773 1433 1960 1478 Martini
1983 1445 2094 1476 tom.
2121 1437 2167 1485 8.

219 1497 335 1549 Bibl.
357 1501 549 1547 Patrum.
618 1500 845 1546 Dacorum
888 1500 1132 1555 vexillum,
1176 1500 1377 1548 labarum
1423 1516 1466 1548 et
1506 1501 1653 1549 draco,
1725 1501 1948 1547 Columna
1973 1499 2167 1545 Traiana

219 1584 266 1616 n.
292 1579 399 1624 134.
431 1579 523 1623 137.
550 1581 655 1628 193.
681 1581 787 1625 199.
857 1571 927 1615 De
942 1567 1143 1616 standaro
1165 1566 1254 1617 siue
1272 1571 1472 1616 carrocio
1500 1566 1544 1600 ¹⁶
1565 1586 1655 1633 quo
1676 1559 1955 1634 pro-vexillo
1975 1563 2039 1611 vsi
2062 1562 2166 1612 sunt

222 1631 506 1698 sequioribus
537 1634 820 1698 temporibus
843 1634 1205 1683 Mediolanenses
1228 1653 1271 1684 et
1293 1639 1368 1683 alii
1399 1637 1545 1689 ltaliae
1564 1637 1729 1701 populi
1751 1636 1855 1682 vide
1877 1634 2034 1695 Cangii
2056 1628 2184 1694 glos.

223 1700 301 1748 sar.
323 1717 367 1748 et
386 1702 595 1748 Tenzelii
627 1702 735 1748 Bibl.
761 1703 918 1751 curios.
949 1720 1058 1751 tom.
1084 1721 1124 1755 1..
1154 1722 1252 1769 pag.
1276 1713 1386 1764 669.
1419 1707 1498 1768 qui
1525 1706 1769 1766 imaginem
1792 1717 1973 1766 quoque
1993 1701 2093 1750 eius
2115 1701 2163 1744 in

225 1787 296 1816 aes
317 1766 499 1815 incisam
532 1769 717 1816 exhibet
738 1787 762 1818 e
783 1773 968 1819 Graeuii
998 1770 1204 1823 thesauro
1237 1774 1551 1835 antiquitatum
1589 1773 1736 1819 Italiae
1766 1784 1893 1816 torno
1926 1782 1966 1830 3.
2036 1766 2166 1813 Adde

224 1835 258 1882 fi
281 1836 422 1900 placet
442 1839 623 1882 Petrum
647 1838 940 1886 Lambecium
972 1842 1019 1886 in
1041 1841 1159 1887 notis
1179 1841 1233 1887 ad
1252 1838 1465 1904 Baptistae
1492 1840 1682 1885 Platinae
1705 1835 1935 1883 historiam
1959 1838 2166 1880 Mantua-

227 1920 331 1950 nam
357 1920 453 1966 pag.
477 1911 571 1961 485
595 1901 658 1966 sq.
682 1919 790 1951 tom.
810 1922 856 1970 4.
884 1905 1076 1954 thesauri
1100 1909 1249 1953 Italiae
1269 1921 1395 1969 parte
1418 1919 1460 1954 2.
1491 1921 1537 1967 p.
1563 1919 1637 1963 30.
1667 1902 1747 1949 vbi
1772 1920 1870 1948 aere
1893 1899 2167 1964 desctiptssm

225 1970 383 2016 videre
410 1970 509 2015 licet
531 1973 779 2017 carrocium
802 1971 1105 2019 Cremonense
1127 1989 1230 2020 cum
1252 1988 1476 2034 campana,
1503 1986 1545 2017 et
1565 1971 1683 2017 aliud
1702 1972 1976 2023 Patauinum,
1996 1984 2167 2019 Vtrum-

228 2055 317 2101 que
347 2033 572 2083 diucrsum
603 2037 656 2083 ab
685 2055 738 2083 co
771 2040 894 2101 quod
923 2039 1186 2086 Tentze-lius
1214 2037 1409 2086 exhibet.
1487 2040 1747 2086 Patauinum
1788 2039 1920 2085 etiam
1954 2035 2088 2084 exstat
2115 2039 2164 2083 in

227 2101 450 2152 Francisci
480 2105 600 2150 Scoti
631 2106 859 2152 itiner-ario
892 2106 1040 2152 Italiae
1070 2106 1216 2153 italice
1246 2107 1379 2152 edito.
1410 2107 1575 2151 Patauii
1604 2113 1741 2165 1669.
1766 2111 1807 2161 8.
1839 2104 1936 2170 post
1968 2122 2064 2168 pag.
2087 2111 2164 2159 28.
2204 2155 2212 2158 ,

230 2177 302 2219 De
336 2169 628 2217 Cremonensi
660 2169 917 2219 conferatur
954 2187 1132 2237 praeter
1161 2175 1248 2218 iam
1290 2172 1515 2219 laudatum
1547 2173 1838 2223 Lambecium
1873 2172 2089 2220 Giornale
2120 2171 2170 2219 di

231 2243 377 2287 Roma
400 2243 452 2286 A.
482 2241 619 2296 1669.
649 2255 748 2302 pag.
777 2254 854 2299 95.
895 2256 949 2288 ex
981 2244 1244 2286 Macrorum
1265 2242 1586 2300 Hierolexico{‚
1619 2242 1743 2287 Felix
1764 2239 1891 2288 Ofius
1913 2240 1966 2285 ad
1991 2239 2166 2286 Alberti
2212 2286 2216 2290 f

230 2305 410 2357 Muffati
437 2305 603 2352 librum
630 2313 671 2359 8.
693 2305 844 2352 histor.
866 2309 1058 2355 Henrici
1078 2310 1180 2353 VII.
1204 2305 1394 2359 Caesaris
1416 2325 1459 2372 p.
1480 2326 1569 2356 cx1.
1590 2323 1700 2359 tom,
1715 2319 1756 2358 6.
1777 2323 1902 2373 parte
1918 2304 2189 2370 2-thesauri'
2244 2326 2255 2335 ‘

233 2375 653 2429 Italiac,}11u1·atorii
678 2371 916 2439 scriptores
940 2392 1093 2422 rerum
1114 2374 1364 2425 Italicarum
1388 2391 1497 2423 tom.
1526 2392 1568 2437 9,
1598 2393 1641 2440 p.
1662 2391 1772 2434 759.
1794 2375 1872 2421 vbi
1894 2376 1996 2420 icon
2021 2374 2166 2439 dupli-

234 2445 296 2493 cis
329 2443 553 2500 Carrocii,
597 2457 638 2488 et
665 2459 709 2508 p.
732 2458 824 2507 795
855 2441 918 2510 sq.
939 2441 1021 2491 vbi
1050 2440 1305 2494 Parmenses
1335 2457 1379 2493 et
1398 2440 1723 2493 Cremonenses
1749 2441 1956 2493 sollemni
1976 2439 2056 2489 fibi
2076 2443 2166 2557 siau

2065 2527 2114 2560 te
2151 2535 2165 2546 ⁴

305 2635 340 2662 ¹⁵
372 2633 433 2671 De
450 2632 690 2686 auriflamma
709 2633 837 2674 videre
860 2633 1003 2676 iuuabit
1022 2635 1162 2690 Cangii
1186 2635 1326 2678 dissert.
1349 2635 1397 2677 ad
1418 2636 1646 2678 loinuillam.

303 2685 339 2711 ¹⁶
357 2686 586 2726 Standamm
608 2700 762 2729 vocatur
784 2691 883 2742 apud
905 2693 1083 2732 Martene
1107 2703 1198 2732 tom.
1226 2705 1261 2745 3.
1281 2692 1453 2736 anecdot.
1470 2706 1557 2746 pag.
1581 2701 1672 2745 391·
1742 2685 1991 2727 Meibonium
2015 2696 2106 2727 tom·
2129 2696 2166 2729 1.

236 2753 381 2795 p.420.
448 2740 661 2780 carrocium
686 2742 760 2784 {ine
783 2746 997 2786 Car-ratium
1016 2747 1118 2788 idem
1140 2749 1389 2798 vocabulum,
1420 2761 1498 2800 quo
1517 2759 1589 2786 nos
1612 2743 1936 2785 Germanivtimur
1955 2740 2190 2794 Ratume-

236 2796 399 2852 perinde
419 2805 458 2837 vt
475 2807 599 2837 carrus
617 2796 692 2837 siue
711 2813 866 2852 quai-rus
887 2801 1023 2844 dicitur
1039 2817 1060 2844 a
1080 2813 1242 2858 quatuor
1261 2805 1374 2857 rotis,
1407 2802 1546 2856 quibus
1571 2796 1766 2853 impolitus
1783 2797 1945 2840 vehitur.
1975 2831 1983 2841 .
2087 2809 2090 2812 ·
