2263 3027
677 89 679 91 ,
741 40 981 96 [ΨΧἮ
1014 41 1376 96 ‘VETERVM
1745 62 1749 64 ’
1958 60 2057 109 9⁹9

99 167 315 217 ieE‘turam
337 164 481 214 facere
504 182 558 214 ex
590 164 802 215 thesauris
823 167 1036 231 Dauidis‚
1071 182 1266 231 quorum
1295 166 1466 215 mentio
1494 163 1551 216 sit
1593 167 1823 234 [Paralip.
1846 170 1970 216 XXII
2005 184 2049 234 4.

25 242 37 246 ”
101 251 144 284 et
166 239 320 282 XXIX.
336 252 439 298 47,
466 251 577 282 etex
599 235 813 282 reditibus
835 238 991 281 annuis
1015 236 1265 282 Salomonis
1293 252 1309 284 ι
1333 239 1441 298 Reg.
1463 239 1514 282 X.
1537 252 1604 295 ¹4·
1644 235 1817 284 Confer
1829 242 1941 300 Aug.
1959 233 2051 284 'Cat-

100 306 210 350 meti
234 301 585 350 dissertationem
603 307 714 351 ‘1'.2.
744 319 787 366 p.
807 308 914 352 6tt.
932 301 1022 366 sqq.
1043 301 1116 349 sur
1145 303 1207 350 les
1230 301 1459 359 richest'es,
1493 321 1581 368 que
1609 305 1758 363 David
1785 302 1899 351 laissa
1927 307 1951 352 εἰ
1982 308 2049 353 Sa-

100 370 275 419 lomon.
343 371 609 416 Iudaeorum
634 369 789 415 luxum
811 370 978 431 aliquot
1007 370 1116 416 locis
1138 369 1444 435 perstringunt
1468 374 1514 418 in
1539 369 1713 437 scriptis
1742 368 1830 418 suis
1849 372 2050 437 Prophe-

91 451 190 489 tae,
227 454 481 501 quanquam
498 453 671 491 „nem0‚
712 437 834 500 quod
867 435 1021 494 sciam,
1057 436 1265 500 singulari
1299 439 1530 499 diligentia
1558 439 1647 486 hoc
1678 454 1992 501 argumentum
2021 457 2048 488 e

21 562 29 569 N
97 504 427 552 recentioribus
454 503 696 551 illustrauit.
764 508 833 550 De
862 504 969 550 luxu
1000 508 1278 552 Graecorum
1308 520 1547 570 praecipue
1577 508 1624 552 in
1657 505 1758 553 cibo
1792 522 1836 553 et
1860 522 1975 571 potu
1996 506 2046 555 li-

88 571 232 619 brum
256 573 468 635 Stephani
491 573 626 632 Nigri
651 570 1000 618 memorauimus
1025 569 1155 636 supra
1175 590 1204 636 c
1227 576 1339 619 XIX,
1360 581 1402 629 8.
1424 589 1467 636 p.
1483 581 1593 635 872.
1614 588 1657 621 et
1679 574 1733 620 de
1759 573 1867 620 luxu
1882 577 2046 622 Roma-

17 641 22 643 *
89 656 284 695 norum,
307 637 492 687 Meursii
514 638 716 701 libellum
739 654 780 686 et
796 642 983 699 Georgii
999 639 1285 686 Hacltewillii
1308 637 1642 688 obseruationes
1667 657 1747 688 nec
1770 657 1863 692 non
1883 644 2045 691 Stanis-

95 707 155 754 lai
180 702 490 771 Kobiei'zyclzii
514 707 700 766 librum,
723 708 768 753 in
789 723 878 769 quo
903 710 1212 755 Romanorum
1238 722 1378 770 opum
1403 707 1659 755 admiranda
1674 709 1834 773 copia,
1851 708 2043 756 vestium

92 770 328 839 splendor,
347 781 350 784 ’
367 771 671 821 aedificiorum
700 771 1027 834 magnificentia
1045 790 1088 820 et
1110 775 1427 835 conuiuiorum
1452 775 1663 821 luxuriosi
1683 790 1916 841 apparatus
1936 792 2041 840 pro.

89 857 352 907 ponuntur,
389 841 547 887 eodem
571 858 662 905 cap.
681 844 793 886 XIX.
810 847 849 895 8ξ
873 857 914 904 p.
931 847 1040 895 883.
1063 840 1224 903 quibus
1245 841 1473 888 addendus
1493 842 1746 889 Hadrianus
1780 845 1933 889 Iunius
1960 846 2060 891 IV..-

93 917 137 964 8.
157 926 203 967 9.
240 907 705 957 Animaduersionum.
784 910 904 953 Facit
935 908 1065 953 etiam
1091 908 1179 954 huc
1207 925 1318 970 quae
1337 905 1528 972 disputat
1540 910 1846 956 Tertullianus
1870 926 1903 955 c.
1921 927 1960 967 ς.
1985 910 2040 957 de
2110 918 2113 922 ⁴

88 977 251 1040 pallio,
284 991 327 1023 et
348 993 446 1040 pars
469 993 561 1023 non
585 975 913 1023 contemnenda
938 977 1087 1038 operis
1114 973 1212 1020 lusti
1233 973 1396 1040 Lipfii,
1436 975 1559 1038 quod
1584 977 1631 1022 in
1651 992 1696 1032 4.
1713 974 1876 1023 Libros
1899 976 2041 1023 distri·

87 1042 275 1100 butum,
313 1044 609 1096 Admiranda,
647 1041 736 1090 siue
768 1043 822 1089 de
852 1041 1162 1104 magnitudine
1190 1045 1392 1089 Romana
1426 1040 1668 1105 inscripsit,
1705 1044 1830 1090 cuius
1861 1044 2037 1104 generis

85 1111 344 1158 admiranda
372 1112 567 1166 Iudaica,
604 1112 899 1173 Aegyptiam,
932 1109 1100 1155 thetica
1135 1122 1178 1155 et
1202 1109 1372 1156 Gallica
1407 1126 1588 1173 quoque
1619 1110 1829 1156 molitum
1852 1108 1895 1157 se
1915 1109 2037 1159 testa·

86 1192 161 1225 tur
181 1195 348 1225 centur.
368 1194 410 1240 4.
432 1177 563 1242 Epist,
581 1184 658 1236 64.
727 1181 896 1238 Tangit
915 1193 1095 1240 quoque
1118 1176 1231 1223 illud
1251 1192 1566 1238 argumentum
1589 1175 1852 1224 Benedifius
1874 1182 2036 1239 Auera·

87 1247 188 1292 nius
208 1242 368 1291 differt.
390 1242 578 1292 secunda
601 1260 643 1291 et
662 1247 789 1291 tertia
813 1247 859 1290 in
886 1246 1072 1290 Liuium.
1092 1260 1204 1307 quae
1229 1242 1289 1290 est
1322 1245 1376 1290 de
1407 1243 1515 1290 luxu
1544 1245 1591 1290 in
1626 1246 1861 1291 conuiuiis.
1909 1248 1946 1291 A
1965 1262 2034 1292 vo-

85 1311 318 1379 luptatibus
339 1328 492 1358 nouum
510 1306 686 1372 officium
704 1312 885 1374 instituit
911 1309 1104 1357 Tiberius
1119 1311 1350 1378 praeposito
1376 1315 1516 1374 equite
1543 1314 1731 1359 Romano
1767 1315 1812 1358 T.
1843 1313 2032 1374 Caefimio

83 1379 252 1440 Prista,
273 1381 513 1427 Suetonius
532 1381 579 1425 in
599 1378 814 1441 Tiberio,
837 1394 964 1434 c.42.
986 1379 1039 1425 ad
1061 1395 1195 1442 quem
1217 1379 1368 1425 locum
1391 1376 1549 1426 confer
1571 1383 1889 1426 Burmannum.
1960 1377 2038 1435 Ad

83 1444 282 1510 Lipfiani
314 1448 465 1511 operis
495 1448 792 1493 imitationem
808 1480 818 1500 ‚
863 1445 985 1509 quod
1005 1443 1300 1511 et'separatim
1320 1460 1363 1493 et
1392 1447 1509 1494 inter
1535 1446 1618 1492 alia
1637 1449 1729 1493 eius
1749 1444 1907 1512 scripta
1928 1447 2032 1512 plus

82 1511 276 1578 simplici
295 1515 393 1561 vice
412 1514 645 1575 vulgatum
669 1513 750 1567 est,
793 1514 848 1561 de
868 1514 1178 1575 magnitudine
1197 1511 1411 1561 Ecclesiae
1430 1516 1669 1568 Romanae,
1702 1528 1753 1560 vt
1776 1513 1922 1560 obiter
1942 1515 2030 1561 hoc

83 1595 268 1636 notem,
304 1580 445 1627 libros
466 1582 579 1628 duos
605 1581 746 1628 edidit
764 1583 968 1628 Thomas
988 1582 1269 1646 Stapletonus
1287 1615 1297 1634 ,
1337 1583 1382 1628 in
1409 1581 1570 1644 quibus
1593 1597 1687 1627 non
1717 1580 1770 1628 ab
1801 1598 1850 1628 re
1878 1579 2030 1628 Casan·

84 1647 230 1694 bonus
257 1649 303 1693 in
333 1646 678 1695 Casaubonianis
708 1665 752 1712 p.
776 1665 854 1708 49.
885 1650 1048 1713 carpit,
1083 1649 1205 1712 quod
1234 1652 1460 1695 Romanae
1489 1646 1701 1696 Ecclesiae
1729 1647 1887 1695 tribuit
1918 1664 2030 1711 quae

83 1712 182 1762 sunt
206 1714 419 1762 Ecclesiae
437 1713 669 1762 vniuersae
689 1715 974 1763 Christianae.
1046 1717 1310 1763 Vincentius
1330 1733 1440 1763 vero
1463 1720 1743 1763 Contarenus
1765 1733 1800 1763 c.
1819 1731 1856 1764 1.
1873 1716 1927 1762 de
1939 1714 2030 1762 fru-

83 1784 298 1829 mentaria
326 1783 548 1845 legatione
578 1781 771 1837 affirmat
798 1780 841 1830 se
872 1785 1012 1830 varias
1039 1781 1254 1830 lestiones
1288 1784 1340 1830 ad
1370 1783 1616 1831 editionem
1651 1799 1820 1847 paratas
1853 1780 2030 1839 habere,

83 1848 244 1913 quibus
265 1867 288 1896 a
312 1849 459 1914 Lipsio
481 1851 709 1897 interdum
730 1848 960 1897 dissentiat.
1016 1852 1174 1916 Cogent
1201 1868 1368 1916 agmen,
1404 1853 1576 1915 inquit,
1610 1849 1713 1898 libri
1740 1853 1790 1897 de
1806 1851 1916 1914 salsa
1945 1866 2030 1895 ma-

73 1918 299 1982 gnitudine
318 1920 529 1978 Romana,
547 1916 697 1980 quibus
715 1919 968 1963 admiranda
989 1917 1242 1983 oppugnabo,
1265 1931 1308 1964 et
1329 1920 1415 1963 illos
1431 1924 1656 1984 praecipue
1666 1924 1894 1983 gigantum
1913 1934 2028 1963 more

83 1983 281 2048 congestos
301 1988 402 2028 auri
420 1997 575 2030 montes
601 2001 682 2032 non
698 1986 894 2049 fulmine,
911 1985 1087 2047 sbdsblo
1117 1990 1320 2032 veritatis
1334 1986 1509 2049 fulgure
1528 1988 1746 2033 disin-iam.
1827 1988 1893 2030 De
1917 1985 2025 2031 luxu

22 2066 25 2067 ⁷
82 2053 398 2097 Romanorum
441 2051 557 2097 circa
603 2055 859 2112 margaritas
915 2066 957 2100 et
1005 2069 1205 2116 gemmas
1250 2049 1441 2117 disputat
1488 2053 1710 2099 Martinus
1771 2050 2024 2097 Schookius

82 2121 206 2167 Orat.
229 2120 321 2164 XX.
1342 2149 1347 2153 -

220 2188 319 2233 XII.
358 2188 427 2232 De
455 2181 649 2245 aedificiis
680 2185 870 2250 antiquis
901 2200 943 2233 et
967 2185 1144 2247 origine
1167 2203 1213 2241 ac
1244 2180 1476 2248 progressu
1502 2184 1844 2240 Ανεῖαίῑεέῖηναε,
1886 2183 2025 2232 multa

79 2253 136 2300 ad
157 2254 418 2299 Vitruuium
442 2253 532 2297 viri
554 2250 674 2298 doffi
696 2266 1035 2300 annotauerunt.
1076 2255 1146 2297 De
1169 2249 1329 2298 insanis
1355 2251 1674 2299 strufiiionibus
1688 2252 2023 2315 Aegyptiorum

80 2321 304 2367 videndus
325 2320 563 2366 Kircherus
586 2320 630 2364 in
651 2320 828 2384 Oedipo
853 2321 1143 2383 Aegyptiaco.
1218 2322 1285 2365 De
1308 2319 1465 2365 iisdem
1489 2333 1532 2365 et
1551 2319 1645 2365 aliis
1675 2319 1890 2365 mirandis
1909 2321 2035 2366 anth

82 2404 280 2451 quorum
301 2386 513 2451 operibus
539 2390 692 2433 Petrus
717 2388 944 2435 Bellonius
964 2386 1091 2432 libris
1110 2385 1268 2442 tribus,
1291 2384 1446 2433 recusis
1471 2389 1516 2431 T
1543 2389 1664 2433 VIlI.
1684 2383 1876 2433 thesauri
1898 2389 2023 2434 Gro-

83 2456 268 2504 uouiani
290 2471 332 2519 p.
348 2467 493 2515 2530.
518 2467 560 2500 et
581 2456 645 2500 10.
667 2455 879 2501 Seruilius
899 2457 945 2503 in
969 2453 1086 2500 libro
1108 2454 1308 2517 primum
1332 2453 1532 2500 Lubecae
1560 2460 1698 2504 1600.
1724 2468 1764 2513 4-
1797 2453 1942 2511 edim,
1977 2466 2021 2501 et

61 2522 244 2573 ‘deinde
266 2518 427 2568 inserto
448 2536 575 2567 tomo
598 2521 750 2584 primo
780 2519 971 2568 thesauri
991 2521 1292 2583 Sallengriani.
1347 2519 1682 2569 Architeaurae
1710 2519 1847 2567 sacrae
1884 2517 2022 2584 speci-

80 2606 188 2636 men
212 2606 264 2638 ex
286 2589 394 2635 locis
416 2588 559 2636 Exod.
572 2591 732 2636 XXVI.
756 2596 831 2642 28.
863 2603 906 2635 et
926 2591 1127 2636 XXXVI.
1146 2603 1218 2648 33.
1282 2588 1452 2635 Frider.
1475 2587 1696 2636 Mullerus
1718 2586 1840 2635 dedit
1874 2585 2021 2635 Gissae

91 2659 263 2714 1664Π
282 2653 581 2712 Consulantut·
602 2655 736 2705 etiam
757 2659 871 2706 Sam.
894 2656 1130 2720 Reyherus
1153 2657 1198 2701 in
1224 2654 1404 2707 mathesi
1427 2652 1632 2706 Mosaica.
1674 2660 1738 2705 10.
1752 2655 1913 2703 Bernh.
1928 2655 2021 2701 Wi-

1062 2725 1172 2770 Aaa
1204 2737 1235 2772 —2
1775 2720 2019 2784 deburgius
