<?xml version="1.0" encoding="UTF-8"?>
<!DOCTYPE html PUBLIC "-//W3C//DTD XHTML 1.0 Transitional//EN"
    "http://www.w3.org/TR/xhtml1/DTD/xhtml1-transitional.dtd">
<html xmlns="http://www.w3.org/1999/xhtml" xml:lang="en" lang="en">
 <head>
  <title>
</title>
<meta http-equiv="Content-Type" content="text/html;charset=utf-8" />
  <meta name='ocr-system' content='tesseract 3.04.00' />
  <meta name='ocr-capabilities' content='ocr_page ocr_carea ocr_par ocr_line ocrx_word'/>
</head>
<body>
  <div class='ocr_page' id='page_1' title='image "./ioalbertifabrici00fabr/ioalbertifabrici00fabr_1055.png"; bbox 0 0 2263 3027; ppageno 0'>
   <div class='ocr_carea' id='block_1_1' title="bbox 577 71 1993 169">
    <p class='ocr_par' dir='ltr' id='par_1_1' title="bbox 577 71 1993 169">
     <span class='ocr_line' id='line_1_1' title="bbox 577 71 1993 169; baseline 0.009 -30"><span class='ocrx_word' id='word_1_1' title='bbox 577 87 956 140; x_wconf 81' lang='lat' dir='ltr'>LVCERNAE</span> <span class='ocrx_word' id='word_1_2' title='bbox 992 71 1472 144; x_wconf 72' lang='lat' dir='ltr'>SEPVLCRALsss.</span> <span class='ocrx_word' id='word_1_3' title='bbox 1866 117 1993 169; x_wconf 81' lang='lat'>1035</span> 
     </span>
    </p>
   </div>
   <div class='ocr_carea' id='block_1_2' title="bbox 46 211 1997 485">
    <p class='ocr_par' dir='ltr' id='par_1_2' title="bbox 46 211 1997 485">
     <span class='ocr_line' id='line_1_2' title="bbox 46 211 1995 288; baseline 0.001 -19"><span class='ocrx_word' id='word_1_4' title='bbox 46 216 156 268; x_wconf 81' lang='lat' dir='ltr'>stem</span> <span class='ocrx_word' id='word_1_5' title='bbox 175 216 439 276; x_wconf 87' lang='lat' dir='ltr'>Theocriti,</span> <span class='ocrx_word' id='word_1_6' title='bbox 474 213 642 278; x_wconf 89' lang='lat' dir='ltr'>Idyllio</span> <span class='ocrx_word' id='word_1_7' title='bbox 664 211 859 262; x_wconf 84' lang='lat' dir='ltr'>secundo</span> <span class='ocrx_word' id='word_1_8' title='bbox 883 232 983 280; x_wconf 83' lang='lat' dir='ltr'>pag.</span> <span class='ocrx_word' id='word_1_9' title='bbox 997 231 1076 277; x_wconf 85' lang='lat'>44.</span> <span class='ocrx_word' id='word_1_10' title='bbox 1130 214 1302 264; x_wconf 88' lang='lat' dir='ltr'>Confer</span> <span class='ocrx_word' id='word_1_11' title='bbox 1323 219 1552 266; x_wconf 87' lang='lat' dir='ltr'>Roccham</span> <span class='ocrx_word' id='word_1_12' title='bbox 1576 219 1630 267; x_wconf 87' lang='lat' dir='ltr'>de</span> <span class='ocrx_word' id='word_1_13' title='bbox 1650 226 1874 287; x_wconf 85' lang='lat' dir='ltr'>campanis</span> <span class='ocrx_word' id='word_1_14' title='bbox 1896 243 1932 274; x_wconf 90' lang='lat' dir='ltr'>c.</span> <span class='ocrx_word' id='word_1_15' title='bbox 1953 243 1995 288; x_wconf 72' lang='lat'>3.</span> 
     </span>
     <span class='ocr_line' id='line_1_3' title="bbox 47 280 1997 356; baseline -0.012 -21"><span class='ocrx_word' id='word_1_16' title='bbox 47 303 91 335; x_wconf 84' lang='lat' dir='ltr'>et</span> <span class='ocrx_word' id='word_1_17' title='bbox 113 288 319 347; x_wconf 88' lang='lat' dir='ltr'>Magium</span> <span class='ocrx_word' id='word_1_18' title='bbox 344 284 399 330; x_wconf 90' lang='lat' dir='ltr'>de</span> <span class='ocrx_word' id='word_1_19' title='bbox 424 280 734 330; x_wconf 81' lang='lat' dir='ltr'>tintinnabulis</span> <span class='ocrx_word' id='word_1_20' title='bbox 757 299 835 346; x_wconf 82' lang='lat' dir='ltr'>cap</span> <span class='ocrx_word' id='word_1_21' title='bbox 877 299 946 332; x_wconf 87' lang='lat'>10.</span> <span class='ocrx_word' id='word_1_22' title='bbox 994 288 1178 331; x_wconf 87' lang='lat' dir='ltr'>Morem</span> <span class='ocrx_word' id='word_1_23' title='bbox 1199 282 1404 349; x_wconf 89' lang='lat' dir='ltr'>pulsandi</span> <span class='ocrx_word' id='word_1_24' title='bbox 1437 302 1726 351; x_wconf 64' lang='lat' dir='ltr'>campanam,</span> <span class='ocrx_word' id='word_1_25' title='bbox 1764 308 1997 356; x_wconf 64' lang='lat' dir='ltr'>recepmm</span> 
     </span>
     <span class='ocr_line' id='line_1_4' title="bbox 48 348 1996 420; baseline -0.001 -19"><span class='ocrx_word' id='word_1_26' title='bbox 48 356 98 401; x_wconf 89' lang='lat' dir='ltr'>in</span> <span class='ocrx_word' id='word_1_27' title='bbox 127 354 298 414; x_wconf 82' lang='lat' dir='ltr'>Anglia</span> <span class='ocrx_word' id='word_1_28' title='bbox 328 350 469 398; x_wconf 87' lang='lat' dir='ltr'>statim</span> <span class='ocrx_word' id='word_1_29' title='bbox 503 349 580 395; x_wconf 87' lang='lat' dir='ltr'>vbi</span> <span class='ocrx_word' id='word_1_30' title='bbox 612 348 769 411; x_wconf 84' lang='lat' dir='ltr'>aliquis</span> <span class='ocrx_word' id='word_1_31' title='bbox 800 352 847 395; x_wconf 88' lang='lat' dir='ltr'>in</span> <span class='ocrx_word' id='word_1_32' title='bbox 882 352 1094 414; x_wconf 86' lang='lat' dir='ltr'>parochia</span> <span class='ocrx_word' id='word_1_33' title='bbox 1127 352 1202 398; x_wconf 84' lang='lat' dir='ltr'>illa</span> <span class='ocrx_word' id='word_1_34' title='bbox 1232 350 1495 418; x_wconf 84' lang='lat' dir='ltr'>exspirauit,</span> <span class='ocrx_word' id='word_1_35' title='bbox 1533 352 1737 404; x_wconf 81' lang='lat' dir='ltr'>defendit</span> <span class='ocrx_word' id='word_1_36' title='bbox 1758 361 1996 420; x_wconf 57' lang='lat' dir='ltr'>Hernicus</span> 
     </span>
     <span class='ocr_line' id='line_1_5' title="bbox 47 415 1249 485; baseline -0.008 -15"><span class='ocrx_word' id='word_1_37' title='bbox 47 424 228 473; x_wconf 83' lang='lat' dir='ltr'>Boume</span> <span class='ocrx_word' id='word_1_38' title='bbox 253 424 312 469; x_wconf 89' lang='lat' dir='ltr'>T.</span> <span class='ocrx_word' id='word_1_39' title='bbox 327 422 423 468; x_wconf 88' lang='lat' dir='ltr'>XV.</span> <span class='ocrx_word' id='word_1_40' title='bbox 447 415 745 466; x_wconf 77' lang='lat' dir='ltr'>bibliothecae</span> <span class='ocrx_word' id='word_1_41' title='bbox 764 418 977 480; x_wconf 84' lang='lat' dir='ltr'>Anglicae</span> <span class='ocrx_word' id='word_1_42' title='bbox 997 436 1040 484; x_wconf 90' lang='lat' dir='ltr'>p.</span> <span class='ocrx_word' id='word_1_43' title='bbox 1065 416 1249 485; x_wconf 78' lang='lat' dir='ltr'>345.sq,</span> 
     </span>
    </p>
   </div>
   <div class='ocr_carea' id='block_1_3' title="bbox 4 548 2011 2235">
    <p class='ocr_par' dir='ltr' id='par_1_3' title="bbox 4 548 2011 2235">
     <span class='ocr_line' id='line_1_6' title="bbox 186 548 2003 620; baseline 0.004 -17"><span class='ocrx_word' id='word_1_44' title='bbox 186 558 239 603; x_wconf 88' lang='lat' dir='ltr'>X.</span> <span class='ocrx_word' id='word_1_45' title='bbox 277 556 328 602; x_wconf 80' lang='lat' dir='ltr'>ln</span> <span class='ocrx_word' id='word_1_46' title='bbox 358 552 569 620; x_wconf 84' lang='lat' dir='ltr'>sepulcris</span> <span class='ocrx_word' id='word_1_47' title='bbox 600 548 755 620; x_wconf 76' lang='lat' dir='ltr'>priscis</span> <span class='ocrx_word' id='word_1_48' title='bbox 785 555 980 602; x_wconf 86' lang='lat' dir='ltr'>maxime</span> <span class='ocrx_word' id='word_1_49' title='bbox 1010 555 1305 605; x_wconf 83' lang='lat' dir='ltr'>admiratione</span> <span class='ocrx_word' id='word_1_50' title='bbox 1333 558 1492 620; x_wconf 81' lang='lat' dir='ltr'>dignae</span> <span class='ocrx_word' id='word_1_51' title='bbox 1512 556 1630 608; x_wconf 77' lang='lat' dir='ltr'>vifae</span> <span class='ocrx_word' id='word_1_52' title='bbox 1661 557 1761 608; x_wconf 87' lang='lat' dir='ltr'>sunt</span> <span class='ocrx_word' id='word_1_53' title='bbox 1793 560 2003 620; x_wconf 81' lang='lat' dir='ltr'>lucernae,</span> 
     </span>
     <span class='ocr_line' id='line_1_7' title="bbox 47 622 2003 693; baseline 0.003 -21"><span class='ocrx_word' id='word_1_54' title='bbox 47 641 143 673; x_wconf 87' lang='lat' dir='ltr'>non</span> <span class='ocrx_word' id='word_1_55' title='bbox 162 639 252 670; x_wconf 86' lang='lat' dir='ltr'>tam</span> <span class='ocrx_word' id='word_1_56' title='bbox 273 623 331 669; x_wconf 92' lang='lat' dir='ltr'>ob</span> <span class='ocrx_word' id='word_1_57' title='bbox 354 624 598 684; x_wconf 83' lang='lat' dir='ltr'>elegantem</span> <span class='ocrx_word' id='word_1_58' title='bbox 621 640 664 670; x_wconf 88' lang='lat' dir='ltr'>et</span> <span class='ocrx_word' id='word_1_59' title='bbox 686 625 824 670; x_wconf 88' lang='lat' dir='ltr'>mirae</span> <span class='ocrx_word' id='word_1_60' title='bbox 847 622 1106 670; x_wconf 82' lang='lat' dir='ltr'>diuerfitatis</span> <span class='ocrx_word' id='word_1_61' title='bbox 1126 641 1237 687; x_wconf 86' lang='lat' dir='ltr'>quae</span> <span class='ocrx_word' id='word_1_62' title='bbox 1259 624 1409 690; x_wconf 85' lang='lat' dir='ltr'>paffim</span> <span class='ocrx_word' id='word_1_63' title='bbox 1442 629 1489 673; x_wconf 90' lang='lat' dir='ltr'>in</span> <span class='ocrx_word' id='word_1_64' title='bbox 1514 628 1602 674; x_wconf 88' lang='lat' dir='ltr'>illis</span> <span class='ocrx_word' id='word_1_65' title='bbox 1635 627 1907 693; x_wconf 85' lang='lat' dir='ltr'>conspicitur</span> <span class='ocrx_word' id='word_1_66' title='bbox 1939 630 2003 678; x_wconf 78' lang='lat' dir='ltr'>ef·—</span> 
     </span>
     <span class='ocr_line' id='line_1_8' title="bbox 46 688 2003 754; baseline 0.002 -13"><span class='ocrx_word' id='word_1_67' title='bbox 46 690 371 741; x_wconf 87' lang='lat' dir='ltr'>formationem</span> <span class='ocrx_word' id='word_1_68' title='bbox 393 705 434 736; x_wconf 92' lang='lat' dir='ltr'>et</span> <span class='ocrx_word' id='word_1_69' title='bbox 455 694 684 737; x_wconf 83' lang='lat' dir='ltr'>materiam</span> <span class='ocrx_word' id='word_1_70' title='bbox 699 725 709 745; x_wconf 87' lang='lat'>,</span> <span class='ocrx_word' id='word_1_71' title='bbox 740 707 871 753; x_wconf 89' lang='lat' dir='ltr'>quam</span> <span class='ocrx_word' id='word_1_72' title='bbox 895 690 954 736; x_wconf 88' lang='lat' dir='ltr'>ob</span> <span class='ocrx_word' id='word_1_73' title='bbox 975 688 1234 754; x_wconf 89' lang='lat' dir='ltr'>symbolum</span> <span class='ocrx_word' id='word_1_74' title='bbox 1264 695 1380 740; x_wconf 87' lang='lat' dir='ltr'>vitae</span> <span class='ocrx_word' id='word_1_75' title='bbox 1403 711 1443 740; x_wconf 85' lang='lat' dir='ltr'>et</span> <span class='ocrx_word' id='word_1_76' title='bbox 1468 696 1814 743; x_wconf 85' lang='lat' dir='ltr'>immortalitatis</span> <span class='ocrx_word' id='word_1_77' title='bbox 1836 699 2003 745; x_wconf 84' lang='lat' dir='ltr'>anima-</span> 
     </span>
     <span class='ocr_line' id='line_1_9' title="bbox 47 758 2003 828; baseline 0.004 -22"><span class='ocrx_word' id='word_1_78' title='bbox 47 776 150 806; x_wconf 85' lang='lat' dir='ltr'>rum</span> <span class='ocrx_word' id='word_1_79' title='bbox 177 765 217 798; x_wconf 88' lang='lat'>15</span> <span class='ocrx_word' id='word_1_80' title='bbox 241 758 462 806; x_wconf 83' lang='lat' dir='ltr'>flammam</span> <span class='ocrx_word' id='word_1_81' title='bbox 488 760 730 821; x_wconf 81' lang='lat' dir='ltr'>ignemque</span> <span class='ocrx_word' id='word_1_82' title='bbox 752 774 1023 821; x_wconf 85' lang='lat' dir='ltr'>perennem,</span> <span class='ocrx_word' id='word_1_83' title='bbox 1044 776 1177 821; x_wconf 89' lang='lat' dir='ltr'>quem</span> <span class='ocrx_word' id='word_1_84' title='bbox 1199 776 1284 823; x_wconf 90' lang='lat' dir='ltr'>pro</span> <span class='ocrx_word' id='word_1_85' title='bbox 1308 777 1472 820; x_wconf 85' lang='lat' dir='ltr'>genere</span> <span class='ocrx_word' id='word_1_86' title='bbox 1491 761 1745 828; x_wconf 84' lang='lat' dir='ltr'>phosphori</span> <span class='ocrx_word' id='word_1_87' title='bbox 1766 779 1809 811; x_wconf 90' lang='lat' dir='ltr'>et</span> <span class='ocrx_word' id='word_1_88' title='bbox 1831 764 2003 814; x_wconf 86' lang='lat' dir='ltr'>lumine</span> 
     </span>
     <span class='ocr_line' id='line_1_10' title="bbox 44 823 2004 894; baseline -0.001 -21"><span class='ocrx_word' id='word_1_89' title='bbox 44 824 139 874; x_wconf 80' lang='lat' dir='ltr'>fine</span> <span class='ocrx_word' id='word_1_90' title='bbox 161 828 308 873; x_wconf 88' lang='lat' dir='ltr'>calore</span> <span class='ocrx_word' id='word_1_91' title='bbox 329 825 511 889; x_wconf 84' lang='lat' dir='ltr'>quidam</span> <span class='ocrx_word' id='word_1_92' title='bbox 538 823 812 880; x_wconf 77' lang='lat' dir='ltr'>habuerunt,</span> <span class='ocrx_word' id='word_1_93' title='bbox 834 840 883 870; x_wconf 91' lang='lat' dir='ltr'>vt</span> <span class='ocrx_word' id='word_1_94' title='bbox 904 826 1077 871; x_wconf 84' lang='lat' dir='ltr'>Paullus</span> <span class='ocrx_word' id='word_1_95' title='bbox 1099 824 1271 872; x_wconf 80' lang='lat' dir='ltr'>Casatus</span> <span class='ocrx_word' id='word_1_96' title='bbox 1288 825 1382 877; x_wconf 65' lang='lat' dir='ltr'>‚diff</span> <span class='ocrx_word' id='word_1_97' title='bbox 1405 842 1449 882; x_wconf 63' lang='lat' dir='ltr'>9i</span> <span class='ocrx_word' id='word_1_98' title='bbox 1475 829 1530 876; x_wconf 88' lang='lat' dir='ltr'>de</span> <span class='ocrx_word' id='word_1_99' title='bbox 1552 832 1679 891; x_wconf 78' lang='lat' dir='ltr'>igne‘,</span> <span class='ocrx_word' id='word_1_100' title='bbox 1708 832 1832 894; x_wconf 86' lang='lat' dir='ltr'>quod</span> <span class='ocrx_word' id='word_1_101' title='bbox 1853 848 2004 880; x_wconf 73' lang='lat' dir='ltr'>tamen</span> 
     </span>
     <span class='ocr_line' id='line_1_11' title="bbox 46 891 2006 958; baseline 0.003 -17"><span class='ocrx_word' id='word_1_102' title='bbox 46 895 350 958; x_wconf 83' lang='lat' dir='ltr'>experientiae</span> <span class='ocrx_word' id='word_1_103' title='bbox 364 894 486 938; x_wconf 84' lang='lat' dir='ltr'>aiunt</span> <span class='ocrx_word' id='word_1_104' title='bbox 509 909 759 956; x_wconf 86' lang='lat' dir='ltr'>repugnare</span> <span class='ocrx_word' id='word_1_105' title='bbox 783 893 860 954; x_wconf 89' lang='lat' dir='ltr'>qui</span> <span class='ocrx_word' id='word_1_106' title='bbox 882 891 1080 938; x_wconf 88' lang='lat' dir='ltr'>lucernas</span> <span class='ocrx_word' id='word_1_107' title='bbox 1105 894 1198 938; x_wconf 86' lang='lat' dir='ltr'>illas</span> <span class='ocrx_word' id='word_1_108' title='bbox 1221 910 1450 948; x_wconf 84' lang='lat' dir='ltr'>eruerunt,</span> <span class='ocrx_word' id='word_1_109' title='bbox 1469 913 1510 942; x_wconf 87' lang='lat' dir='ltr'>et</span> <span class='ocrx_word' id='word_1_110' title='bbox 1529 902 1629 943; x_wconf 71' lang='lat' dir='ltr'>aere</span> <span class='ocrx_word' id='word_1_111' title='bbox 1652 897 1838 945; x_wconf 84' lang='lat' dir='ltr'>admiffo</span> <span class='ocrx_word' id='word_1_112' title='bbox 1861 902 2006 950; x_wconf 81' lang='lat' dir='ltr'>extin-</span> 
     </span>
     <span class='ocr_line' id='line_1_12' title="bbox 44 957 2005 1025; baseline 0.004 -17"><span class='ocrx_word' id='word_1_113' title='bbox 44 958 168 1009; x_wconf 70' lang='lat' dir='ltr'>qum</span> <span class='ocrx_word' id='word_1_114' title='bbox 191 960 374 1025; x_wconf 89' lang='lat' dir='ltr'>quidem</span> <span class='ocrx_word' id='word_1_115' title='bbox 396 961 550 1007; x_wconf 89' lang='lat' dir='ltr'>lumen</span> <span class='ocrx_word' id='word_1_116' title='bbox 570 958 645 1006; x_wconf 91' lang='lat' dir='ltr'>sed</span> <span class='ocrx_word' id='word_1_117' title='bbox 668 960 861 1006; x_wconf 85' lang='lat' dir='ltr'>calorem</span> <span class='ocrx_word' id='word_1_118' title='bbox 886 960 1030 1005; x_wconf 86' lang='lat' dir='ltr'>adhuc</span> <span class='ocrx_word' id='word_1_119' title='bbox 1050 977 1072 1005; x_wconf 92' lang='lat' dir='ltr'>a</span> <span class='ocrx_word' id='word_1_120' title='bbox 1091 957 1134 1005; x_wconf 87' lang='lat' dir='ltr'>se</span> <span class='ocrx_word' id='word_1_121' title='bbox 1155 959 1484 1024; x_wconf 87' lang='lat' dir='ltr'>deprehensum</span> <span class='ocrx_word' id='word_1_122' title='bbox 1508 961 1608 1009; x_wconf 86' lang='lat' dir='ltr'>sunt</span> <span class='ocrx_word' id='word_1_123' title='bbox 1632 964 1779 1012; x_wconf 86' lang='lat' dir='ltr'>testati.</span> <span class='ocrx_word' id='word_1_124' title='bbox 1815 968 2005 1016; x_wconf 88' lang='lat' dir='ltr'>Nedum</span> 
     </span>
     <span class='ocr_line' id='line_1_13' title="bbox 43 1024 2006 1098; baseline 0.004 -24"><span class='ocrx_word' id='word_1_125' title='bbox 43 1044 97 1074; x_wconf 79' lang='lat' dir='ltr'>vt</span> <span class='ocrx_word' id='word_1_126' title='bbox 117 1026 441 1075; x_wconf 72' lang='lat' dir='ltr'>assentiendum</span> <span class='ocrx_word' id='word_1_127' title='bbox 465 1026 515 1073; x_wconf 82' lang='lat' dir='ltr'>sit</span> <span class='ocrx_word' id='word_1_128' title='bbox 540 1030 694 1074; x_wconf 83' lang='lat' dir='ltr'>[oanni</span> <span class='ocrx_word' id='word_1_129' title='bbox 719 1026 916 1087; x_wconf 84' lang='lat' dir='ltr'>Argolo‚</span> <span class='ocrx_word' id='word_1_130' title='bbox 950 1024 993 1055; x_wconf 83' lang='lat'>¹⁶</span> <span class='ocrx_word' id='word_1_131' title='bbox 1022 1029 1098 1089; x_wconf 89' lang='lat' dir='ltr'>qui</span> <span class='ocrx_word' id='word_1_132' title='bbox 1129 1043 1276 1074; x_wconf 91' lang='lat' dir='ltr'>totum</span> <span class='ocrx_word' id='word_1_133' title='bbox 1300 1028 1412 1074; x_wconf 89' lang='lat' dir='ltr'>illud</span> <span class='ocrx_word' id='word_1_134' title='bbox 1441 1031 1574 1092; x_wconf 83' lang='lat' dir='ltr'>quod</span> <span class='ocrx_word' id='word_1_135' title='bbox 1596 1033 1758 1094; x_wconf 87' lang='lat' dir='ltr'>apertis</span> <span class='ocrx_word' id='word_1_136' title='bbox 1792 1029 2006 1098; x_wconf 82' lang='lat' dir='ltr'>sepulcris</span> 
     </span>
     <span class='ocr_line' id='line_1_14' title="bbox 42 1093 2007 1164; baseline 0.003 -21"><span class='ocrx_word' id='word_1_137' title='bbox 42 1094 253 1143; x_wconf 86' lang='lat' dir='ltr'>flammae</span> <span class='ocrx_word' id='word_1_138' title='bbox 277 1093 550 1159; x_wconf 86' lang='lat' dir='ltr'>conspicitur</span> <span class='ocrx_word' id='word_1_139' title='bbox 568 1128 579 1146; x_wconf 93' lang='lat'>,</span> <span class='ocrx_word' id='word_1_140' title='bbox 615 1096 727 1140; x_wconf 83' lang='lat' dir='ltr'>a&#39;e&#39;ris</span> <span class='ocrx_word' id='word_1_141' title='bbox 750 1093 1032 1139; x_wconf 84' lang='lat' dir='ltr'>ventilationi</span> <span class='ocrx_word' id='word_1_142' title='bbox 1058 1093 1227 1142; x_wconf 84' lang='lat' dir='ltr'>tribuit.</span> <span class='ocrx_word' id='word_1_143' title='bbox 1303 1099 1414 1142; x_wconf 84' lang='lat' dir='ltr'>Sane</span> <span class='ocrx_word' id='word_1_144' title='bbox 1439 1098 1665 1159; x_wconf 86' lang='lat' dir='ltr'>ellychnia</span> <span class='ocrx_word' id='word_1_145' title='bbox 1686 1116 1796 1162; x_wconf 84' lang='lat' dir='ltr'>quae</span> <span class='ocrx_word' id='word_1_146' title='bbox 1826 1100 1879 1147; x_wconf 93' lang='lat' dir='ltr'>ab</span> <span class='ocrx_word' id='word_1_147' title='bbox 1900 1104 2007 1164; x_wconf 79' lang='lat' dir='ltr'>igne</span> 
     </span>
     <span class='ocr_line' id='line_1_15' title="bbox 44 1159 2007 1227; baseline 0.003 -15"><span class='ocrx_word' id='word_1_148' title='bbox 44 1179 140 1212; x_wconf 86' lang='lat' dir='ltr'>non</span> <span class='ocrx_word' id='word_1_149' title='bbox 164 1159 482 1210; x_wconf 81' lang='lat' dir='ltr'>consumantur</span> <span class='ocrx_word' id='word_1_150' title='bbox 501 1164 647 1226; x_wconf 86' lang='lat' dir='ltr'>parari</span> <span class='ocrx_word' id='word_1_151' title='bbox 670 1178 724 1207; x_wconf 89' lang='lat' dir='ltr'>ex</span> <span class='ocrx_word' id='word_1_152' title='bbox 745 1159 946 1224; x_wconf 88' lang='lat' dir='ltr'>Carystio</span> <span class='ocrx_word' id='word_1_153' title='bbox 970 1161 1116 1224; x_wconf 89' lang='lat' dir='ltr'>lapide</span> <span class='ocrx_word' id='word_1_154' title='bbox 1138 1176 1181 1207; x_wconf 88' lang='lat' dir='ltr'>et</span> <span class='ocrx_word' id='word_1_155' title='bbox 1212 1162 1306 1207; x_wconf 88' lang='lat' dir='ltr'>lino</span> <span class='ocrx_word' id='word_1_156' title='bbox 1329 1164 1532 1227; x_wconf 83' lang='lat' dir='ltr'>Carpafio</span> <span class='ocrx_word' id='word_1_157' title='bbox 1557 1165 1726 1213; x_wconf 58' lang='lat' dir='ltr'>asbesto</span> <span class='ocrx_word' id='word_1_158' title='bbox 1750 1183 1910 1215; x_wconf 89' lang='lat' dir='ltr'>notum</span> <span class='ocrx_word' id='word_1_159' title='bbox 1934 1186 2007 1217; x_wconf 80' lang='lat' dir='ltr'>an-</span> 
     </span>
     <span class='ocr_line' id='line_1_16' title="bbox 42 1226 2007 1296; baseline 0.003 -18"><span class='ocrx_word' id='word_1_160' title='bbox 42 1232 182 1294; x_wconf 86' lang='lat' dir='ltr'>tiquis</span> <span class='ocrx_word' id='word_1_161' title='bbox 204 1228 312 1282; x_wconf 87' lang='lat' dir='ltr'>fuit,</span> <span class='ocrx_word' id='word_1_162' title='bbox 349 1230 404 1275; x_wconf 90' lang='lat' dir='ltr'>de</span> <span class='ocrx_word' id='word_1_163' title='bbox 426 1245 517 1292; x_wconf 89' lang='lat' dir='ltr'>quo</span> <span class='ocrx_word' id='word_1_164' title='bbox 536 1227 758 1275; x_wconf 86' lang='lat' dir='ltr'>Meurfius</span> <span class='ocrx_word' id='word_1_165' title='bbox 791 1231 844 1274; x_wconf 87' lang='lat' dir='ltr'>ad</span> <span class='ocrx_word' id='word_1_166' title='bbox 869 1228 1167 1292; x_wconf 88' lang='lat' dir='ltr'>Apollonium</span> <span class='ocrx_word' id='word_1_167' title='bbox 1186 1226 1433 1290; x_wconf 67' lang='lat' dir='ltr'>Dyscolum</span> <span class='ocrx_word' id='word_1_168' title='bbox 1465 1248 1508 1295; x_wconf 89' lang='lat' dir='ltr'>p.</span> <span class='ocrx_word' id='word_1_169' title='bbox 1539 1247 1553 1276; x_wconf 84' lang='lat'>1</span> <span class='ocrx_word' id='word_1_170' title='bbox 1572 1249 1642 1293; x_wconf 80' lang='lat'>35.</span> <span class='ocrx_word' id='word_1_171' title='bbox 1664 1230 1724 1296; x_wconf 86' lang='lat' dir='ltr'>sq.</span> <span class='ocrx_word' id='word_1_172' title='bbox 1757 1236 1877 1282; x_wconf 88' lang='lat' dir='ltr'>vnde</span> <span class='ocrx_word' id='word_1_173' title='bbox 1898 1241 2007 1284; x_wconf 85' lang='lat' dir='ltr'>Are·</span> 
     </span>
     <span class='ocr_line' id='line_1_17' title="bbox 42 1294 2007 1367; baseline 0.005 -23"><span class='ocrx_word' id='word_1_174' title='bbox 42 1296 154 1345; x_wconf 85' lang='lat' dir='ltr'>fium</span> <span class='ocrx_word' id='word_1_175' title='bbox 192 1298 269 1360; x_wconf 90' lang='lat' dir='ltr'>qui</span> <span class='ocrx_word' id='word_1_176' title='bbox 301 1297 389 1342; x_wconf 90' lang='lat' dir='ltr'>hoc</span> <span class='ocrx_word' id='word_1_177' title='bbox 422 1295 499 1341; x_wconf 82' lang='lat' dir='ltr'>fibi</span> <span class='ocrx_word' id='word_1_178' title='bbox 537 1294 802 1360; x_wconf 87' lang='lat' dir='ltr'>persuadere</span> <span class='ocrx_word' id='word_1_179' title='bbox 835 1312 927 1342; x_wconf 91' lang='lat' dir='ltr'>non</span> <span class='ocrx_word' id='word_1_180' title='bbox 958 1299 1128 1360; x_wconf 81' lang='lat' dir='ltr'>potuit,</span> <span class='ocrx_word' id='word_1_181' title='bbox 1172 1299 1454 1359; x_wconf 79' lang='lat' dir='ltr'>oppugnauit</span> <span class='ocrx_word' id='word_1_182' title='bbox 1487 1300 1664 1346; x_wconf 88' lang='lat' dir='ltr'>Licetus</span> <span class='ocrx_word' id='word_1_183' title='bbox 1696 1300 1813 1348; x_wconf 88' lang='lat' dir='ltr'>libro</span> <span class='ocrx_word' id='word_1_184' title='bbox 1843 1306 2007 1367; x_wconf 87' lang='lat' dir='ltr'>quinto</span> 
     </span>
     <span class='ocr_line' id='line_1_18' title="bbox 44 1360 2007 1434; baseline 0.004 -23"><span class='ocrx_word' id='word_1_185' title='bbox 44 1367 197 1428; x_wconf 86' lang='lat' dir='ltr'>operis</span> <span class='ocrx_word' id='word_1_186' title='bbox 221 1379 329 1409; x_wconf 86' lang='lat' dir='ltr'>mox</span> <span class='ocrx_word' id='word_1_187' title='bbox 353 1381 374 1409; x_wconf 90' lang='lat' dir='ltr'>a</span> <span class='ocrx_word' id='word_1_188' title='bbox 397 1379 469 1409; x_wconf 89' lang='lat' dir='ltr'>me</span> <span class='ocrx_word' id='word_1_189' title='bbox 492 1363 711 1409; x_wconf 85' lang='lat' dir='ltr'>laudandi.</span> <span class='ocrx_word' id='word_1_190' title='bbox 764 1360 935 1409; x_wconf 89' lang='lat' dir='ltr'>Confer</span> <span class='ocrx_word' id='word_1_191' title='bbox 959 1362 1142 1409; x_wconf 79' lang='lat' dir='ltr'>Roberti</span> <span class='ocrx_word' id='word_1_192' title='bbox 1163 1365 1256 1409; x_wconf 78' lang='lat' dir='ltr'>Plot</span> <span class='ocrx_word' id='word_1_193' title='bbox 1280 1361 1626 1413; x_wconf 70' lang='lat' dir='ltr'>dissertationem</span> <span class='ocrx_word' id='word_1_194' title='bbox 1650 1367 1705 1414; x_wconf 90' lang='lat' dir='ltr'>de</span> <span class='ocrx_word' id='word_1_195' title='bbox 1724 1368 2007 1434; x_wconf 85' lang='lat' dir='ltr'>lampadibus</span> 
     </span>
     <span class='ocr_line' id='line_1_19' title="bbox 42 1427 2006 1496; baseline 0.001 -19"><span class='ocrx_word' id='word_1_196' title='bbox 42 1433 335 1494; x_wconf 85' lang='lat' dir='ltr'>antiquorum</span> <span class='ocrx_word' id='word_1_197' title='bbox 366 1427 683 1493; x_wconf 85' lang='lat' dir='ltr'>sepulcralibus</span> <span class='ocrx_word' id='word_1_198' title='bbox 702 1464 713 1484; x_wconf 91' lang='lat'>‚</span> <span class='ocrx_word' id='word_1_199' title='bbox 759 1432 808 1476; x_wconf 89' lang='lat' dir='ltr'>in</span> <span class='ocrx_word' id='word_1_200' title='bbox 838 1429 1239 1477; x_wconf 59' lang='lat' dir='ltr'>Transactionibus</span> <span class='ocrx_word' id='word_1_201' title='bbox 1281 1428 1610 1496; x_wconf 83' lang='lat' dir='ltr'>Philosophicis</span> <span class='ocrx_word' id='word_1_202' title='bbox 1642 1437 2006 1486; x_wconf 76' lang='lat' dir='ltr'>Londinenfibus</span> 
     </span>
     <span class='ocr_line' id='line_1_20' title="bbox 41 1495 2008 1565; baseline -0.003 -17"><span class='ocrx_word' id='word_1_203' title='bbox 41 1503 97 1548; x_wconf 87' lang='lat' dir='ltr'>A.</span> <span class='ocrx_word' id='word_1_204' title='bbox 119 1506 257 1555; x_wconf 87' lang='lat'>1684.</span> <span class='ocrx_word' id='word_1_205' title='bbox 280 1514 323 1561; x_wconf 91' lang='lat' dir='ltr'>p.</span> <span class='ocrx_word' id='word_1_206' title='bbox 338 1505 448 1552; x_wconf 87' lang='lat'>806.</span> <span class='ocrx_word' id='word_1_207' title='bbox 472 1513 514 1544; x_wconf 90' lang='lat' dir='ltr'>et</span> <span class='ocrx_word' id='word_1_208' title='bbox 533 1499 580 1543; x_wconf 85' lang='lat' dir='ltr'>in</span> <span class='ocrx_word' id='word_1_209' title='bbox 604 1495 727 1544; x_wconf 69' lang='lat' dir='ltr'>AE’tis</span> <span class='ocrx_word' id='word_1_210' title='bbox 749 1498 977 1544; x_wconf 88' lang='lat' dir='ltr'>Eruditor.</span> <span class='ocrx_word' id='word_1_211' title='bbox 998 1512 1108 1544; x_wconf 90' lang='lat' dir='ltr'>tom.</span> <span class='ocrx_word' id='word_1_212' title='bbox 1141 1515 1174 1544; x_wconf 80' lang='lat' dir='ltr'>t.</span> <span class='ocrx_word' id='word_1_213' title='bbox 1193 1495 1494 1562; x_wconf 89' lang='lat' dir='ltr'>supplementi</span> <span class='ocrx_word' id='word_1_214' title='bbox 1515 1518 1553 1565; x_wconf 84' lang='lat' dir='ltr'>p.</span> <span class='ocrx_word' id='word_1_215' title='bbox 1583 1506 1692 1564; x_wconf 86' lang='lat'><em>367.</em></span> <span class='ocrx_word' id='word_1_216' title='bbox 1742 1507 1894 1555; x_wconf 83' lang='lat' dir='ltr'>Franc.</span> <span class='ocrx_word' id='word_1_217' title='bbox 1925 1508 2008 1556; x_wconf 79' lang='lat' dir='ltr'>Ca.</span> 
     </span>
     <span class='ocr_line' id='line_1_21' title="bbox 42 1562 2009 1635; baseline 0.004 -21"><span class='ocrx_word' id='word_1_218' title='bbox 42 1566 148 1618; x_wconf 76' lang='lat' dir='ltr'>roli,</span> <span class='ocrx_word' id='word_1_219' title='bbox 189 1563 375 1611; x_wconf 89' lang='lat' dir='ltr'>Nobilis</span> <span class='ocrx_word' id='word_1_220' title='bbox 403 1564 694 1618; x_wconf 78' lang='lat' dir='ltr'>VeronenfiS,</span> <span class='ocrx_word' id='word_1_221' title='bbox 733 1564 966 1628; x_wconf 88' lang='lat' dir='ltr'>epistolam</span> <span class='ocrx_word' id='word_1_222' title='bbox 998 1568 1043 1611; x_wconf 91' lang='lat' dir='ltr'>in</span> <span class='ocrx_word' id='word_1_223' title='bbox 1078 1562 1230 1611; x_wconf 88' lang='lat' dir='ltr'>museo</span> <span class='ocrx_word' id='word_1_224' title='bbox 1266 1569 1500 1614; x_wconf 85' lang='lat' dir='ltr'>Mineruae</span> <span class='ocrx_word' id='word_1_225' title='bbox 1528 1573 1747 1628; x_wconf 78' lang='lat' dir='ltr'>Venetae,</span> <span class='ocrx_word' id='word_1_226' title='bbox 1786 1574 2009 1635; x_wconf 82' lang='lat' dir='ltr'>(Galleria</span> 
     </span>
     <span class='ocr_line' id='line_1_22' title="bbox 44 1629 2009 1702; baseline -0.001 -22"><span class='ocrx_word' id='word_1_227' title='bbox 44 1633 94 1680; x_wconf 80' lang='lat' dir='ltr'>di</span> <span class='ocrx_word' id='word_1_228' title='bbox 114 1630 346 1691; x_wconf 87' lang='lat' dir='ltr'>Minerva)</span> <span class='ocrx_word' id='word_1_229' title='bbox 364 1635 421 1678; x_wconf 87' lang='lat' dir='ltr'>T.</span> <span class='ocrx_word' id='word_1_230' title='bbox 437 1639 480 1682; x_wconf 81' lang='grc'>6.</span> <span class='ocrx_word' id='word_1_231' title='bbox 501 1650 545 1696; x_wconf 90' lang='lat' dir='ltr'>p.</span> <span class='ocrx_word' id='word_1_232' title='bbox 567 1647 671 1690; x_wconf 83' lang='lat'>175.</span> <span class='ocrx_word' id='word_1_233' title='bbox 692 1629 753 1695; x_wconf 88' lang='lat' dir='ltr'>sq.</span> <span class='ocrx_word' id='word_1_234' title='bbox 787 1648 829 1678; x_wconf 88' lang='lat' dir='ltr'>et</span> <span class='ocrx_word' id='word_1_235' title='bbox 853 1635 963 1679; x_wconf 86' lang='lat' dir='ltr'>Ioan.</span> <span class='ocrx_word' id='word_1_236' title='bbox 989 1634 1195 1697; x_wconf 79' lang='lat' dir='ltr'>Baptistae</span> <span class='ocrx_word' id='word_1_237' title='bbox 1217 1634 1388 1694; x_wconf 72' lang='lat' dir='ltr'>Vrsini,</span> <span class='ocrx_word' id='word_1_238' title='bbox 1425 1634 1528 1681; x_wconf 91' lang='lat' dir='ltr'>ibid.</span> <span class='ocrx_word' id='word_1_239' title='bbox 1555 1653 1597 1700; x_wconf 87' lang='lat' dir='ltr'>p.</span> <span class='ocrx_word' id='word_1_240' title='bbox 1622 1651 1731 1702; x_wconf 81' lang='lat'>253.</span> <span class='ocrx_word' id='word_1_241' title='bbox 1794 1643 1878 1693; x_wconf 86' lang='lat' dir='ltr'>Iac.</span> <span class='ocrx_word' id='word_1_242' title='bbox 1901 1635 2009 1688; x_wconf 62' lang='lat' dir='ltr'>Oz‘a-</span> 
     </span>
     <span class='ocr_line' id='line_1_23' title="bbox 34 1698 2009 1767; baseline 0.004 -22"><span class='ocrx_word' id='word_1_243' title='bbox 34 1705 164 1751; x_wconf 45' lang='lat' dir='ltr'>‘nami</span> <span class='ocrx_word' id='word_1_244' title='bbox 188 1700 486 1746; x_wconf 81' lang='lat' dir='ltr'>recreationes</span> <span class='ocrx_word' id='word_1_245' title='bbox 509 1700 840 1745; x_wconf 84' lang='lat' dir='ltr'>mathematicas</span> <span class='ocrx_word' id='word_1_246' title='bbox 860 1715 903 1745; x_wconf 92' lang='lat' dir='ltr'>et</span> <span class='ocrx_word' id='word_1_247' title='bbox 923 1698 1124 1763; x_wconf 78' lang='lat' dir='ltr'>physicas</span> <span class='ocrx_word' id='word_1_248' title='bbox 1149 1700 1320 1747; x_wconf 88' lang='lat' dir='ltr'>Gallice</span> <span class='ocrx_word' id='word_1_249' title='bbox 1340 1702 1475 1748; x_wconf 87' lang='lat' dir='ltr'>editas</span> <span class='ocrx_word' id='word_1_250' title='bbox 1497 1701 1623 1752; x_wconf 88' lang='lat' dir='ltr'>Paris.</span> <span class='ocrx_word' id='word_1_251' title='bbox 1644 1722 1783 1767; x_wconf 85' lang='lat'><em>1723.</em></span> <span class='ocrx_word' id='word_1_252' title='bbox 1808 1715 1854 1763; x_wconf 84' lang='lat'>8.</span> <span class='ocrx_word' id='word_1_253' title='bbox 1877 1724 2009 1757; x_wconf 87' lang='lat' dir='ltr'>tomo</span> 
     </span>
     <span class='ocr_line' id='line_1_24' title="bbox 49 1763 2011 1831; baseline 0.006 -18"><span class='ocrx_word' id='word_1_254' title='bbox 49 1781 235 1831; x_wconf 77' lang='lat' dir='ltr'>quarto,</span> <span class='ocrx_word' id='word_1_255' title='bbox 273 1764 352 1811; x_wconf 88' lang='lat' dir='ltr'>vbi</span> <span class='ocrx_word' id='word_1_256' title='bbox 374 1766 492 1813; x_wconf 88' lang='lat' dir='ltr'>libro</span> <span class='ocrx_word' id='word_1_257' title='bbox 519 1768 671 1830; x_wconf 89' lang='lat' dir='ltr'>primo</span> <span class='ocrx_word' id='word_1_258' title='bbox 692 1763 914 1813; x_wconf 83' lang='lat' dir='ltr'>differitur</span> <span class='ocrx_word' id='word_1_259' title='bbox 937 1768 990 1812; x_wconf 90' lang='lat' dir='ltr'>de</span> <span class='ocrx_word' id='word_1_260' title='bbox 1019 1767 1299 1831; x_wconf 86' lang='lat' dir='ltr'>phosphoris</span> <span class='ocrx_word' id='word_1_261' title='bbox 1322 1770 1615 1827; x_wconf 83' lang='lat' dir='ltr'>naturalibus,</span> <span class='ocrx_word' id='word_1_262' title='bbox 1649 1770 1843 1822; x_wconf 90' lang='lat' dir='ltr'>secundo</span> <span class='ocrx_word' id='word_1_263' title='bbox 1869 1776 1924 1824; x_wconf 90' lang='lat' dir='ltr'>de</span> <span class='ocrx_word' id='word_1_264' title='bbox 1943 1795 2011 1824; x_wconf 79' lang='lat' dir='ltr'>ar-</span> 
     </span>
     <span class='ocr_line' id='line_1_25' title="bbox 4 1831 2009 1909; baseline 0.004 -30"><span class='ocrx_word' id='word_1_265' title='bbox 4 1842 7 1845; x_wconf 85' lang='grc'><em>’</em></span> <span class='ocrx_word' id='word_1_266' title='bbox 45 1831 324 1887; x_wconf 75' lang='lat' dir='ltr'>tifieialibus,</span> <span class='ocrx_word' id='word_1_267' title='bbox 362 1849 405 1880; x_wconf 91' lang='lat' dir='ltr'>et</span> <span class='ocrx_word' id='word_1_268' title='bbox 433 1835 567 1880; x_wconf 88' lang='lat' dir='ltr'>tertio</span> <span class='ocrx_word' id='word_1_269' title='bbox 603 1834 657 1879; x_wconf 88' lang='lat' dir='ltr'>de</span> <span class='ocrx_word' id='word_1_270' title='bbox 699 1833 977 1898; x_wconf 84' lang='lat' dir='ltr'>lampadibus</span> <span class='ocrx_word' id='word_1_271' title='bbox 1006 1838 1236 1898; x_wconf 89' lang='lat' dir='ltr'>perpetuis</span> <span class='ocrx_word' id='word_1_272' title='bbox 1260 1869 1271 1889; x_wconf 85' lang='lat'><em>,</em></span> <span class='ocrx_word' id='word_1_273' title='bbox 1319 1851 1360 1882; x_wconf 90' lang='lat' dir='ltr'>et</span> <span class='ocrx_word' id='word_1_274' title='bbox 1394 1840 1449 1885; x_wconf 94' lang='grc' dir='ltr'>Ιο.</span> <span class='ocrx_word' id='word_1_275' title='bbox 1480 1841 1589 1885; x_wconf 86' lang='lat' dir='ltr'>Dan.</span> <span class='ocrx_word' id='word_1_276' title='bbox 1621 1841 1920 1909; x_wconf 82' lang='lat' dir='ltr'>Schoepflinum</span> <span class='ocrx_word' id='word_1_277' title='bbox 1953 1844 2009 1893; x_wconf 81' lang='lat' dir='ltr'>de</span> 
     </span>
     <span class='ocr_line' id='line_1_26' title="bbox 49 1899 2009 1966; baseline 0.005 -16"><span class='ocrx_word' id='word_1_278' title='bbox 49 1899 279 1966; x_wconf 66' lang='lat' dir='ltr'>apotheosi</span> <span class='ocrx_word' id='word_1_279' title='bbox 299 1899 540 1965; x_wconf 81' lang='lat' dir='ltr'>p.74.sqq.</span> <span class='ocrx_word' id='word_1_280' title='bbox 609 1901 783 1964; x_wconf 82' lang='lat' dir='ltr'>Ecquid</span> <span class='ocrx_word' id='word_1_281' title='bbox 805 1918 914 1947; x_wconf 89' lang='lat' dir='ltr'>vero</span> <span class='ocrx_word' id='word_1_282' title='bbox 938 1900 988 1947; x_wconf 89' lang='lat' dir='ltr'>fit</span> <span class='ocrx_word' id='word_1_283' title='bbox 1009 1902 1117 1948; x_wconf 90' lang='lat' dir='ltr'>illud</span> <span class='ocrx_word' id='word_1_284' title='bbox 1133 1902 1253 1965; x_wconf 89' lang='lat' dir='ltr'>quod</span> <span class='ocrx_word' id='word_1_285' title='bbox 1278 1918 1364 1949; x_wconf 86' lang='lat' dir='ltr'>tam</span> <span class='ocrx_word' id='word_1_286' title='bbox 1388 1903 1660 1954; x_wconf 83' lang='lat' dir='ltr'>constantem</span> <span class='ocrx_word' id='word_1_287' title='bbox 1685 1924 1728 1956; x_wconf 90' lang='lat' dir='ltr'>et</span> <span class='ocrx_word' id='word_1_288' title='bbox 1747 1910 2009 1961; x_wconf 84' lang='lat' dir='ltr'>diuturnam</span> 
     </span>
     <span class='ocr_line' id='line_1_27' title="bbox 46 1966 2008 2042; baseline 0.006 -28"><span class='ocrx_word' id='word_1_289' title='bbox 46 1966 180 2035; x_wconf 73' lang='lat' dir='ltr'>possit</span> <span class='ocrx_word' id='word_1_290' title='bbox 201 1966 427 2026; x_wconf 77' lang='lat' dir='ltr'>flammam</span> <span class='ocrx_word' id='word_1_291' title='bbox 450 1969 750 2031; x_wconf 89' lang='lat' dir='ltr'>ardoremque</span> <span class='ocrx_word' id='word_1_292' title='bbox 771 1969 911 2026; x_wconf 88' lang='lat' dir='ltr'>alere,</span> <span class='ocrx_word' id='word_1_293' title='bbox 947 1971 1097 2015; x_wconf 84' lang='lat' dir='ltr'>minus</span> <span class='ocrx_word' id='word_1_294' title='bbox 1124 1971 1307 2033; x_wconf 90' lang='lat' dir='ltr'>quidem</span> <span class='ocrx_word' id='word_1_295' title='bbox 1332 1972 1477 2019; x_wconf 86' lang='lat' dir='ltr'>adhuc</span> <span class='ocrx_word' id='word_1_296' title='bbox 1500 1975 1682 2021; x_wconf 85' lang='lat' dir='ltr'>videtur</span> <span class='ocrx_word' id='word_1_297' title='bbox 1706 1993 2008 2042; x_wconf 88' lang='lat' dir='ltr'>compertum,</span> 
     </span>
     <span class='ocr_line' id='line_1_28' title="bbox 45 2034 2008 2098; baseline 0.001 -16"><span class='ocrx_word' id='word_1_298' title='bbox 45 2053 147 2085; x_wconf 82' lang='lat' dir='ltr'>rem</span> <span class='ocrx_word' id='word_1_299' title='bbox 172 2051 321 2081; x_wconf 90' lang='lat' dir='ltr'>tamen</span> <span class='ocrx_word' id='word_1_300' title='bbox 344 2036 447 2080; x_wconf 89' lang='lat' dir='ltr'>ideo</span> <span class='ocrx_word' id='word_1_301' title='bbox 469 2039 724 2098; x_wconf 84' lang='lat' dir='ltr'>neutiquam</span> <span class='ocrx_word' id='word_1_302' title='bbox 748 2036 997 2096; x_wconf 86' lang='lat' dir='ltr'>negandam</span> <span class='ocrx_word' id='word_1_303' title='bbox 1031 2034 1115 2082; x_wconf 85' lang='lat' dir='ltr'>effe</span> <span class='ocrx_word' id='word_1_304' title='bbox 1140 2040 1534 2095; x_wconf 25' lang='lat' dir='ltr'>duxerim-contra</span> <span class='ocrx_word' id='word_1_305' title='bbox 1563 2056 1632 2096; x_wconf 79' lang='lat' dir='ltr'>tot</span> <span class='ocrx_word' id='word_1_306' title='bbox 1662 2043 1913 2096; x_wconf 73' lang='grc' dir='ltr'><strong><em>οἰυτόπτοις</em></strong></span> <span class='ocrx_word' id='word_1_307' title='bbox 1945 2061 2008 2094; x_wconf 72' lang='lat' dir='ltr'>te,-</span> 
     </span>
     <span class='ocr_line' id='line_1_29' title="bbox 48 2100 2007 2166; baseline 0.008 -20"><span class='ocrx_word' id='word_1_308' title='bbox 48 2102 147 2157; x_wconf 82' lang='lat' dir='ltr'>stes,</span> <span class='ocrx_word' id='word_1_309' title='bbox 191 2118 329 2166; x_wconf 85' lang='lat' dir='ltr'>quum</span> <span class='ocrx_word' id='word_1_310' title='bbox 351 2101 578 2147; x_wconf 86' lang='lat' dir='ltr'>lucernam</span> <span class='ocrx_word' id='word_1_311' title='bbox 593 2100 790 2159; x_wconf 68' lang='grc' dir='ltr'><em>ἄσβεςον</em></span> <span class='ocrx_word' id='word_1_312' title='bbox 812 2105 944 2150; x_wconf 87' lang='lat' dir='ltr'>etiam</span> <span class='ocrx_word' id='word_1_313' title='bbox 964 2101 1042 2150; x_wconf 87' lang='lat' dir='ltr'>sub</span> <span class='ocrx_word' id='word_1_314' title='bbox 1067 2105 1157 2160; x_wconf 74' lang='lat' dir='ltr'>dio,</span> <span class='ocrx_word' id='word_1_315' title='bbox 1182 2108 1347 2151; x_wconf 85' lang='lat' dir='ltr'>Veneri</span> <span class='ocrx_word' id='word_1_316' title='bbox 1369 2107 1685 2160; x_wconf 4' lang='lat' dir='ltr'>olimtdicatam</span> <span class='ocrx_word' id='word_1_317' title='bbox 1707 2110 1900 2160; x_wconf 89' lang='lat' dir='ltr'>celebret</span> <span class='ocrx_word' id='word_1_318' title='bbox 1913 2118 2007 2160; x_wconf 88' lang='lat' dir='ltr'>Au-</span> 
     </span>
     <span class='ocr_line' id='line_1_30' title="bbox 47 2169 2005 2235; baseline 0.005 -19"><span class='ocrx_word' id='word_1_319' title='bbox 47 2170 251 2235; x_wconf 83' lang='lat' dir='ltr'>gustinus</span> <span class='ocrx_word' id='word_1_320' title='bbox 271 2171 385 2215; x_wconf 84' lang='lat' dir='ltr'>XXI.</span> <span class='ocrx_word' id='word_1_321' title='bbox 409 2177 451 2218; x_wconf 89' lang='lat'>6.</span> <span class='ocrx_word' id='word_1_322' title='bbox 482 2169 536 2214; x_wconf 91' lang='lat' dir='ltr'>de</span> <span class='ocrx_word' id='word_1_323' title='bbox 557 2171 654 2214; x_wconf 86' lang='lat' dir='ltr'>Civ.</span> <span class='ocrx_word' id='word_1_324' title='bbox 679 2173 776 2216; x_wconf 90' lang='lat' dir='ltr'>Dei.</span> <span class='ocrx_word' id='word_1_325' title='bbox 846 2175 902 2217; x_wconf 88' lang='lat' dir='ltr'>Et</span> <span class='ocrx_word' id='word_1_326' title='bbox 935 2172 1160 2218; x_wconf 87' lang='lat' dir='ltr'>lucernam</span> <span class='ocrx_word' id='word_1_327' title='bbox 1190 2188 1453 2234; x_wconf 86' lang='lat' dir='ltr'>perpetuam</span> <span class='ocrx_word' id='word_1_328' title='bbox 1474 2171 1843 2233; x_wconf 80' lang='lat' dir='ltr'>subterraneam,</span> <span class='ocrx_word' id='word_1_329' title='bbox 1880 2183 2005 2229; x_wconf 89' lang='lat' dir='ltr'>cuius</span> 
     </span>
    </p>
   </div>
   <div class='ocr_carea' id='block_1_4' title="bbox 46 2233 2007 2753">
    <p class='ocr_par' dir='ltr' id='par_1_4' title="bbox 50 2233 2050 2372">
     <span class='ocr_line' id='line_1_31' title="bbox 50 2233 2005 2297; baseline 0.004 -9"><span class='ocrx_word' id='word_1_330' title='bbox 50 2237 206 2288; x_wconf 81' lang='lat' dir='ltr'>oleum</span> <span class='ocrx_word' id='word_1_331' title='bbox 223 2233 342 2284; x_wconf 77' lang='lat' dir='ltr'>sanet</span> <span class='ocrx_word' id='word_1_332' title='bbox 360 2233 535 2284; x_wconf 87' lang='lat' dir='ltr'>morsos</span> <span class='ocrx_word' id='word_1_333' title='bbox 560 2253 582 2283; x_wconf 89' lang='lat' dir='ltr'>a</span> <span class='ocrx_word' id='word_1_334' title='bbox 604 2237 780 2286; x_wconf 82' lang='lat' dir='ltr'>canibus</span> <span class='ocrx_word' id='word_1_335' title='bbox 800 2239 988 2293; x_wconf 84' lang='lat' dir='ltr'>rabidis,</span> <span class='ocrx_word' id='word_1_336' title='bbox 1023 2244 1249 2287; x_wconf 82' lang='lat' dir='ltr'>memoret</span> <span class='ocrx_word' id='word_1_337' title='bbox 1268 2238 1386 2286; x_wconf 82' lang='lat' dir='ltr'>Roffi</span> <span class='ocrx_word' id='word_1_338' title='bbox 1418 2238 1507 2290; x_wconf 86' lang='lat' dir='ltr'>fiue</span> <span class='ocrx_word' id='word_1_339' title='bbox 1537 2242 1717 2292; x_wconf 88' lang='lat' dir='ltr'>Rubeus</span> <span class='ocrx_word' id='word_1_340' title='bbox 1745 2248 1793 2295; x_wconf 88' lang='lat' dir='ltr'>in</span> <span class='ocrx_word' id='word_1_341' title='bbox 1825 2264 2005 2297; x_wconf 89' lang='lat' dir='ltr'>memo-</span> 
     </span>
     <span class='ocr_line' id='line_1_32' title="bbox 1911 2317 1993 2366; baseline 0.022 -3"><span class='ocrx_word' id='word_1_342' title='bbox 1911 2317 1993 2366; x_wconf 83' lang='lat' dir='ltr'>riis</span> 
     </span>
    </p>

    <p class='ocr_par' dir='ltr' id='par_1_5' title="bbox 46 2396 2007 2753">
     <span class='ocr_line' id='line_1_33' title="bbox 109 2396 1712 2470; baseline 0.006 -25"><span class='ocrx_word' id='word_1_343' title='bbox 109 2404 147 2437; x_wconf 80' lang='lat'>¹⁵</span> <span class='ocrx_word' id='word_1_344' title='bbox 177 2403 282 2445; x_wconf 80' lang='lat' dir='ltr'>Guil.</span> <span class='ocrx_word' id='word_1_345' title='bbox 301 2403 479 2446; x_wconf 78' lang='lat' dir='ltr'>Irhouius</span> <span class='ocrx_word' id='word_1_346' title='bbox 502 2404 548 2445; x_wconf 84' lang='lat' dir='ltr'>de</span> <span class='ocrx_word' id='word_1_347' title='bbox 571 2396 829 2459; x_wconf 73' lang='lat' dir='ltr'>palingeneiia</span> <span class='ocrx_word' id='word_1_348' title='bbox 848 2410 1019 2449; x_wconf 82' lang='lat' dir='ltr'>veterum</span> <span class='ocrx_word' id='word_1_349' title='bbox 1033 2420 1069 2462; x_wconf 86' lang='lat' dir='ltr'>p.</span> <span class='ocrx_word' id='word_1_350' title='bbox 1084 2414 1178 2456; x_wconf 69' lang='lat'>208-</span> <span class='ocrx_word' id='word_1_351' title='bbox 1202 2407 1280 2463; x_wconf 85' lang='lat' dir='ltr'>sqq.</span> <span class='ocrx_word' id='word_1_352' title='bbox 1302 2399 1515 2454; x_wconf 76' lang='lat' dir='ltr'>Amstelod.</span> <span class='ocrx_word' id='word_1_353' title='bbox 1533 2413 1656 2470; x_wconf 70' lang='lat'>173&#39;3.</span> <span class='ocrx_word' id='word_1_354' title='bbox 1672 2426 1712 2466; x_wconf 69' lang='lat'>40</span> 
     </span>
     <span class='ocr_line' id='line_1_34' title="bbox 109 2467 2007 2537; baseline 0.007 -25"><span class='ocrx_word' id='word_1_355' title='bbox 109 2471 148 2498; x_wconf 82' lang='lat'>¹⁶</span> <span class='ocrx_word' id='word_1_356' title='bbox 178 2473 325 2513; x_wconf 83' lang='lat' dir='ltr'>Confer</span> <span class='ocrx_word' id='word_1_357' title='bbox 343 2475 575 2527; x_wconf 84' lang='lat' dir='ltr'>Vignolium</span> <span class='ocrx_word' id='word_1_358' title='bbox 604 2476 846 2514; x_wconf 81' lang='lat' dir='ltr'>Maruilliu&#39;m</span> <span class='ocrx_word' id='word_1_359' title='bbox 870 2478 986 2519; x_wconf 89' lang='lat' dir='ltr'>Tom.</span> <span class='ocrx_word' id='word_1_360' title='bbox 1002 2488 1034 2527; x_wconf 88' lang='lat'>3.</span> <span class='ocrx_word' id='word_1_361' title='bbox 1057 2477 1263 2531; x_wconf 70' lang='lat' dir='ltr'>Misepag.</span> <span class='ocrx_word' id='word_1_362' title='bbox 1281 2467 1460 2532; x_wconf 45' lang='lat' dir='ltr'>ztra&#39;sqj</span> <span class='ocrx_word' id='word_1_363' title='bbox 1501 2481 1672 2521; x_wconf 71' lang='lat' dir='ltr'>Videtur·</span> <span class='ocrx_word' id='word_1_364' title='bbox 1696 2474 2007 2537; x_wconf 53' lang='lat' dir='ltr'>etiampe&#39;renn&amp;</span> 
     </span>
     <span class='ocr_line' id='line_1_35' title="bbox 47 2529 2001 2586; baseline 0.005 -15"><span class='ocrx_word' id='word_1_365' title='bbox 47 2531 295 2572; x_wconf 70' lang='lat' dir='ltr'>lucernarum</span> <span class='ocrx_word' id='word_1_366' title='bbox 317 2529 452 2569; x_wconf 89' lang='lat' dir='ltr'>lumen</span> <span class='ocrx_word' id='word_1_367' title='bbox 474 2530 514 2568; x_wconf 87' lang='lat' dir='ltr'>in</span> <span class='ocrx_word' id='word_1_368' title='bbox 537 2529 700 2568; x_wconf 80' lang='lat' dir='ltr'>dubium</span> <span class='ocrx_word' id='word_1_369' title='bbox 724 2543 856 2570; x_wconf 84' lang='lat' dir='ltr'>vocare</span> <span class='ocrx_word' id='word_1_370' title='bbox 875 2533 1087 2572; x_wconf 83' lang='lat' dir='ltr'>Kenelmus</span> <span class='ocrx_word' id='word_1_371' title='bbox 1110 2535 1308 2586; x_wconf 74' lang='lat' dir='ltr'>Digbacus</span> <span class='ocrx_word' id='word_1_372' title='bbox 1331 2534 1378 2574; x_wconf 87' lang='lat' dir='ltr'>de</span> <span class='ocrx_word' id='word_1_373' title='bbox 1409 2537 1561 2576; x_wconf 82' lang='lat' dir='ltr'>animae</span> <span class='ocrx_word' id='word_1_374' title='bbox 1580 2539 1775 2577; x_wconf 83' lang='lat' dir='ltr'>rationalis</span> <span class='ocrx_word' id='word_1_375' title='bbox 1805 2539 2001 2581; x_wconf 85' lang='lat' dir='ltr'>immorta-</span> 
     </span>
     <span class='ocr_line' id='line_1_36' title="bbox 46 2583 2004 2646; baseline 0.004 -18"><span class='ocrx_word' id='word_1_376' title='bbox 46 2584 154 2628; x_wconf 75' lang='lat' dir='ltr'>litate</span> <span class='ocrx_word' id='word_1_377' title='bbox 173 2593 340 2639; x_wconf 41' lang='lat' dir='ltr'>pagff‘tg.</span> <span class='ocrx_word' id='word_1_378' title='bbox 354 2583 407 2637; x_wconf 88' lang='lat' dir='ltr'>sq.</span> <span class='ocrx_word' id='word_1_379' title='bbox 438 2586 574 2637; x_wconf 81' lang='lat' dir='ltr'>Longe</span> <span class='ocrx_word' id='word_1_380' title='bbox 597 2586 722 2637; x_wconf 77' lang='lat' dir='ltr'>magis</span> <span class='ocrx_word' id='word_1_381' title='bbox 745 2583 888 2625; x_wconf 84' lang='lat' dir='ltr'>Comes</span> <span class='ocrx_word' id='word_1_382' title='bbox 905 2588 952 2627; x_wconf 85' lang='lat' dir='ltr'>de</span> <span class='ocrx_word' id='word_1_383' title='bbox 975 2588 1142 2641; x_wconf 72' lang='lat' dir='ltr'>Marsilly</span> <span class='ocrx_word' id='word_1_384' title='bbox 1163 2601 1369 2642; x_wconf 78' lang='lat' dir='ltr'>perpetuos</span> <span class='ocrx_word' id='word_1_385' title='bbox 1392 2590 1477 2630; x_wconf 89' lang='lat' dir='ltr'>illos</span> <span class='ocrx_word' id='word_1_386' title='bbox 1500 2593 1610 2644; x_wconf 82' lang='lat' dir='ltr'>ignes</span> <span class='ocrx_word' id='word_1_387' title='bbox 1631 2603 1835 2646; x_wconf 82' lang='lat' dir='ltr'>oppugnat</span> <span class='ocrx_word' id='word_1_388' title='bbox 1864 2595 1906 2633; x_wconf 91' lang='lat' dir='ltr'>in</span> <span class='ocrx_word' id='word_1_389' title='bbox 1928 2595 2004 2636; x_wconf 83' lang='lat' dir='ltr'>dis-</span> 
     </span>
     <span class='ocr_line' id='line_1_37' title="bbox 47 2639 2003 2703; baseline 0.005 -23"><span class='ocrx_word' id='word_1_390' title='bbox 47 2640 278 2687; x_wconf 80' lang='lat' dir='ltr'>sei-tatione⁷</span> <span class='ocrx_word' id='word_1_391' title='bbox 307 2653 424 2692; x_wconf 90' lang='lat' dir='ltr'>quam</span> <span class='ocrx_word' id='word_1_392' title='bbox 449 2641 683 2679; x_wconf 85' lang='lat' dir='ltr'>Liminerius</span> <span class='ocrx_word' id='word_1_393' title='bbox 708 2639 884 2681; x_wconf 77' lang='lat' dir='ltr'>historiae</span> <span class='ocrx_word' id='word_1_394' title='bbox 908 2645 1121 2683; x_wconf 83' lang='lat' dir='ltr'>academiae</span> <span class='ocrx_word' id='word_1_395' title='bbox 1141 2643 1383 2685; x_wconf 79' lang='lat' dir='ltr'>scientiarum</span> <span class='ocrx_word' id='word_1_396' title='bbox 1412 2646 1660 2689; x_wconf 84' lang='lat' dir='ltr'>Bononienfis</span> <span class='ocrx_word' id='word_1_397' title='bbox 1689 2658 1777 2702; x_wconf 78' lang='lat' dir='ltr'>pag.</span> <span class='ocrx_word' id='word_1_398' title='bbox 1802 2657 1891 2697; x_wconf 78' lang='lat'>218.</span> <span class='ocrx_word' id='word_1_399' title='bbox 1920 2650 2003 2703; x_wconf 81' lang='lat' dir='ltr'>sqq.</span> 
     </span>
     <span class='ocr_line' id='line_1_38' title="bbox 51 2695 2002 2753; baseline 0.007 -21"><span class='ocrx_word' id='word_1_400' title='bbox 51 2695 213 2737; x_wconf 84' lang='lat' dir='ltr'>subiecit</span> <span class='ocrx_word' id='word_1_401' title='bbox 222 2725 245 2743; x_wconf 82' lang='grc'>,,</span> <span class='ocrx_word' id='word_1_402' title='bbox 265 2704 455 2750; x_wconf 80' lang='lat' dir='ltr'>putatque</span> <span class='ocrx_word' id='word_1_403' title='bbox 471 2725 479 2740; x_wconf 81' lang='grc'>,</span> <span class='ocrx_word' id='word_1_404' title='bbox 511 2697 685 2734; x_wconf 78' lang='lat' dir='ltr'>lucernas</span> <span class='ocrx_word' id='word_1_405' title='bbox 707 2696 790 2747; x_wconf 80' lang='lat' dir='ltr'>illas</span> <span class='ocrx_word' id='word_1_406' title='bbox 812 2709 817 2731; x_wconf 60' lang='lat' dir='ltr'>f</span> <span class='ocrx_word' id='word_1_407' title='bbox 839 2699 892 2736; x_wconf 88' lang='lat' dir='ltr'>vti</span> <span class='ocrx_word' id='word_1_408' title='bbox 923 2699 1185 2752; x_wconf 54' lang='lat' dir='ltr'>lacrymam-&#39;221</span> <span class='ocrx_word' id='word_1_409' title='bbox 1206 2701 1393 2753; x_wconf 67' lang='lat' dir='ltr'>quoque)</span> <span class='ocrx_word' id='word_1_410' title='bbox 1416 2708 1565 2743; x_wconf 85' lang='lat' dir='ltr'>tantum</span> <span class='ocrx_word' id='word_1_411' title='bbox 1591 2703 1737 2742; x_wconf 73' lang='lat' dir='ltr'>additas</span> <span class='ocrx_word' id='word_1_412' title='bbox 1765 2704 1858 2743; x_wconf 84' lang='lat' dir='ltr'>dicis</span> <span class='ocrx_word' id='word_1_413' title='bbox 1878 2705 2002 2747; x_wconf 73' lang='lat' dir='ltr'>caussa</span> 
     </span>
    </p>
   </div>
   <div class='ocr_carea' id='block_1_5' title="bbox 49 2751 2002 2864">
    <p class='ocr_par' dir='ltr' id='par_1_6' title="bbox 49 2751 2002 2864">
     <span class='ocr_line' id='line_1_39' title="bbox 49 2751 2002 2814; baseline 0.005 -21"><span class='ocrx_word' id='word_1_414' title='bbox 49 2765 122 2806; x_wconf 78' lang='lat' dir='ltr'>nec</span> <span class='ocrx_word' id='word_1_415' title='bbox 144 2752 318 2794; x_wconf 75' lang='lat' dir='ltr'>ardentes</span> <span class='ocrx_word' id='word_1_416' title='bbox 332 2782 343 2800; x_wconf 93' lang='lat'>‚</span> <span class='ocrx_word' id='word_1_417' title='bbox 374 2760 496 2806; x_wconf 76' lang='lat' dir='ltr'>quum</span> <span class='ocrx_word' id='word_1_418' title='bbox 520 2752 759 2803; x_wconf 70' lang='lat' dir='ltr'>reperiantur</span> <span class='ocrx_word' id='word_1_419' title='bbox 777 2753 894 2797; x_wconf 79' lang='lat' dir='ltr'>etiam</span> <span class='ocrx_word' id='word_1_420' title='bbox 912 2751 1024 2799; x_wconf 76' lang='lat' dir='ltr'>solidi</span> <span class='ocrx_word' id='word_1_421' title='bbox 1046 2755 1199 2810; x_wconf 35' lang='lat' dir='ltr'>lapides:</span> <span class='ocrx_word' id='word_1_422' title='bbox 1217 2755 1419 2801; x_wconf 17' lang='lat' dir='ltr'>vetvsouda</span> <span class='ocrx_word' id='word_1_423' title='bbox 1436 2755 1565 2801; x_wconf 69' lang='lat' dir='ltr'>fiffiua</span> <span class='ocrx_word' id='word_1_424' title='bbox 1585 2758 1751 2814; x_wconf 79' lang='lat' dir='ltr'>appofita</span> <span class='ocrx_word' id='word_1_425' title='bbox 1768 2760 2002 2806; x_wconf 44' lang='lat' dir='ltr'>tantumqu-</span> 
     </span>
     <span class='ocr_line' id='line_1_40' title="bbox 53 2806 1897 2864; baseline 0.003 -13"><span class='ocrx_word' id='word_1_426' title='bbox 53 2820 188 2852; x_wconf 77' lang='lat' dir='ltr'>cemae</span> <span class='ocrx_word' id='word_1_427' title='bbox 211 2806 379 2864; x_wconf 74' lang='lat' dir='ltr'>figuram</span> <span class='ocrx_word' id='word_1_428' title='bbox 398 2808 618 2858; x_wconf 58' lang='lat' dir='ltr'>refermus,</span> <span class='ocrx_word' id='word_1_429' title='bbox 860 2810 863 2813; x_wconf 71' lang='grc'><em>’</em></span> <span class='ocrx_word' id='word_1_430' title='bbox 1458 2843 1465 2846; x_wconf 90' lang='grc'>-</span> <span class='ocrx_word' id='word_1_431' title='bbox 1893 2833 1897 2838; x_wconf 93' lang='lat'>·</span> 
     </span>
    </p>
   </div>
  </div>
 </body>
</html>
