2263 3027
36 133 77 176 f
424 73 518 126 ET
587 70 849 126 GEMMIS
916 70 1191 140 BIBLICIS
1261 72 1686 143 SCRIPTORES.
1917 90 2007 134 501

84 199 365 252 Heimreichii
396 196 609 262 disquisit.
640 197 695 244 de
715 193 1038 258 vegetabilibus
1058 197 1348 252 ianalmude
1368 199 1627 245 memoratis
1662 199 1710 244 in
1734 195 1857 245 Affls
1876 201 1914 245 F
1916 215 2012 246 ran-

41 315 50 318 ,
85 287 241 317 corum
265 267 450 313 eruditis
473 281 515 313 et
535 262 726 316 curiosis,
751 261 1019 310 colleffione
1041 266 1119 317 ΙΙΙ,
1140 268 1182 309 V
1203 281 1244 312 et
1263 269 1364 312 VII.
1402 270 1471 313 De
1495 264 1748 313 melonibus
1761 268 2011 331 Aegyptiis,

81 337 135 384 ab
160 334 363 382 Israelitis
385 332 648 385 desideratis,
675 331 1104 377 commentationem
1123 331 1318 379 laudatus
1340 335 1489 395 Celsius
1508 334 1661 380 edidit.
1687 334 1834 395 Lugd.
1865 338 2012 385 Eat-av.

87 417 233 465 1725,
257 409 300 457 8.
335 399 563 447 Desherba
581 398 738 446 Borith
757 398 960 459 legantur
981 396 1302 447 dissertationes
1330 401 1441 448 lomi.
1466 401 1597 449 Mich.
1615 404 1777 465 Langii,
1799 398 2015 448 Altdorfii

87 487 229 531 1705.
261 484 303 515 et
327 468 555 531 Christiani
575 464 781 514 Benedici.
805 465 1036 514 Michaelis.
1071 467 1211 513 Halae
1236 476 1373 526 1728.
1412 471 1479 514 De
1507 470 1652 532 palma
1674 468 1873 515 eiusdem
1898 469 2014 529 Ceisti

84 538 436 588 exercitati-ones
453 530 600 598 Vpsal.
625 549 713 593 17¹
731 551 748 579 1
777 547 820 579 et
848 545 987 591 1720,
1012 543 1117 589 8vo.
1149 537 1219 580 De
1241 536 1436 581 Dudaim
1458 535 1656 582 Rubenis
1677 537 1768 581 olai
1785 534 2014 583 Rudbeclzii

82 604 416 652 commentatio.
444 597 647 664 Vpsaliae
682 598 822 662 17‘33.
859 603 930 647 De
963 615 1116 664 myrto
1147 599 1386 648 dissertatio
1421 603 1535 649 Ioan.
1569 603 1772 670 Rodolphi
1799 608 2010 650 Crameri.

81 672 250 733 Tiguri
279 677 413 730 [73⁷1.
450 666 520 714 De
549 668 683 713 cedro
706 668 935 734 Christoph.
959 667 1096 714 Iacobi
1122 672 1244 715 Trebi
1267 667 1449 715 historia
1471 672 1708 717 cedrorum
1735 670 2013 722 LibaniT.r.

79 743 262 787 Nouor.
286 735 440 788 AE'cor.
459 736 593 783 Acad.
613 732 842 784 Curiosor.
863 740 965 799 pag.
988 752 1098 798 409.
1121 751 1163 780 et
1191 734 1370 783 seorsim
1391 737 1724 799 Norimbergae
1748 754 1805 797 17
1815 752 1897 799 57,
1917 753 2011 794 4t0.

81 809 294 854 Ceterum
317 803 586 851 Bochartum
607 818 789 867 quoque
819 803 866 849 in
886 804 1038 848 animo
1061 801 1257 850 habuifl‘e
1281 804 1672 851 Hierobotanicon
1704 805 1919 861 condere,
1956 822 2013 854 ex

78 875 172 920 eius
194 872 459 920 Hierozoici
478 886 604 936 parte
627 884 672 920 2.
698 886 745 934 p.
771 879 880 931 847.
902 867 1107 916 obseruat
1125 873 1281 917 Ericus
1303 872 1534 918 Benzelius
1564 874 1610 918 in
1633 870 1757 919 Affls
1787 874 2012 919 litterariis

75 943 254 988 Sueciae
281 944 369 987 An.
404 952 546 1000 1721.
577 954 626 1002 p.
652 952 760 999 157.
797 937 920 991 hunc,
953 936 1113 1000 inquit,
1129 939 1174 999 si
1197 942 1365 1003 ingredi
1383 937 1552 1002 licuiffet
1565 941 1834 1006 paradifitm,
1855 939 2016 1002 vidiſjes

75 1006 264 1060 arbores,
275 1008 408 1069 flores
426 1018 556 1070 atque
563 1003 740 1070 fruffus
756 1009 907 1071 paucis
924 1009 969 1051 in
985 1004 1120 1067 nostro
1140 1004 1240 1052 orbe
1261 1007 1367 1068 vestis
1385 1007 1709 1072 dege-statosque.
1747 1008 1877 1055 Certe
1900 1009 2015 1053 Lem-

73 1081 164 1127 nios
191 1087 234 1121 et
259 1074 614 1137 Vrstnosfitorum
633 1072 860 1120 hortorum
875 1069 1151 1138 poenituiffet.
1203 1073 1364 1120 Blasius
1385 1091 1567 1138 quoque
1589 1075 1893 1138 Caryophilus
1926 1075 2015 1121 hoc

73 1141 328 1190 institutum
349 1138 590 1195 sibifuiss'e,
612 1138 859 1202 insignibus
891 1139 1159 1204 quibusdam
1191 1138 1515 1206 speciminibus
1547 1140 1868 1191 demonstrauit
1895 1146 1941 1190 P.
1976 1160 2013 1190 x.

76 1207 379 1258 Differtation.
403 1206 798 1261 miscellanearum,
818 1210 988 1255 Romae
1017 1215 1157 1269 1718,
1178 1225 1223 1264 4.
1244 1209 1561 1272 euulgatarum.

229 1279 300 1321 De
324 1278 530 1337 gemmis,
549 1284 736 1337 quarum
757 1277 996 1337 praecipue
1015 1276 1157 1321 Exod.
1179 1278 1274 1323 XX.
1294 1292 1336 1322 et
1358 1284 1500 1341 Apoc.
1514 1281 1646 1332 XIX,
1673 1293 1730 1338 19
1753 1275 1814 1341 sq.
1841 1277 2013 1323 mentio

77 1339 143 1395 fit,
167 1356 343 1405 praeter
365 1342 651 1388 Ludouicum
674 1340 730 1386 de
749 1342 865 1386 Dieu
887 1354 930 1386 et
949 1341 1058 1385 alios
1076 1342 1344 1404 interpretes
1366 1345 1589 1391 videndus
1614 1348 1652 1392 S.
1666 1343 2014 1409 Epiphaniiliber

78 1409 180 1475 περὶ
201 1410 287 1459 τῶν
310 1403 475 1461 δώδεκα
494 1408 647 1462 λίθων,
665 1406 755 1453 siue
779 1407 832 1453 de
854 1406 1045 1468 gemmis
1061 1407 1108 1451 in
1127 1407 1247 1454 veste
1262 1410 1486 1457 Aharonis
1499 1411 1641 1456 editus
1665 1408 1897 1474 separatim
1910 1425 2014 1457 cum

77 1474 284 1522 versione
306 1476 412 1522 Iolae
430 1480 634 1523 Hieronis
654 1475 915 1528 Tarentini,
949 1489 992 1520 et
1012 1471 1184 1520 austior
1201 1491 1254 1521 ex
1276 1478 1456 1540 antiqua
1476 1476 1682 1526 versione
1711 1478 1844 1524 latina
1865 1477 2009 1524 studio

78 1544 443 1608 franaFogginii,
465 1546 635 1590 Romae
660 1557 679 1589 1
694 1557 858 1602 745‚4.
883 1556 1013 1603 atque
1035 1542 1153 1586 inter
1172 1544 1419 1606 Epiphanii
1442 1561 1579 1609 opera
1598 1549 1804 1591 aPetam‘o
1827 1544 2014 1592 illustra-

77 1623 121 1655 ta
137 1612 344 1659 Tom.⁴2.
363 1628 463 1675 pag.
487 1623 598 1668 225.
619 1624 715 1656 tum
739 1610 786 1657 in
809 1608 1030 1655 Matthaei
1047 1608 1207 1653 Hilleri
1226 1611 1397 1672 egregii
1427 1614 1518 1658 viri
1543 1610 1660 1658 libro
1692 1613 1746 1659 de
1771 1613 2013 1659 duodecim

73 1678 269 1738 gemmis
291 1678 341 1723 in
363 1676 581 1742 peetorali
601 1675 768 1724 summi
790 1673 1019 1722 Pontificis
1045 1673 1248 1737 Tubing.
1273 1681 1475 1741 169824.
1497 1680 1598 1726 etin
1619 1675 1905 1742 syntagmatis
1917 1681 2012 1727 eius

72 1745 443 1792 Hermeneuticis
463 1743 570 1792 ibid.
592 1759 678 1806 171
692 1758 733 1799 Ι,
755 1757 851 1807 4to.
885 1744 962 1806 qui
987 1739 1319 1791 obseruationes
1337 1742 1431 1792 suas
1452 1762 1496 1793 et
1515 1747 1703 1809 Salmasti
1722 1765 1775 1794 ex
1799 1748 2012 1794 Plinianis

75 1812 170 1857 eius
186 1812 592 1860 Exercitationibus
619 1812 672 1859 ad
693 1812 899 1858 Solinum
928 1825 971 1857 et
990 1811 1288 1875 Homonynis
1304 1813 1453 1876 Hyles
1479 1816 1656 1862 iatricae
1677 1815 1861 1863 addidit.
1885 1820 2012 1863 Tum

80 1878 306 1940 Anafiastus
321 1882 487 1927 Sinaita
510 1879 765 1944 quaestione
789 1894 868 1941 40,
889 1894 1023 1942 quam
1050 1878 1191 1925 edidit
1205 1881 1426 1928 Conradus
1445 1881 1651 1940 Gefiaerus
1674 1885 1720 1929 in
1745 1882 2012 1930 collessione

75 1942 349 2009 scriptorum
370 1948 523 2011 quide
544 1947 677 1995 rebus
699 1945 918 1994 foffilibus
948 1961 1157 2008 egerunt,
1177 1948 1344 2010 Tiguri
1372 1953 1519 2009 1566,
1545 1959 1652 2006 8κό.
1679 1966 1811 2015 atque
1839 1967 1894 1998 ex
1924 1951 2012 1997 alio

76 2013 245 2058 Codice
275 2012 526 2080 Manuscpt.
557 2033 660 2063 cum
691 2012 910 2063 Francisci
943 2015 1162 2061 Turriani
1189 2014 1393 2064 versione
1426 2020 1628 2065 Petauius
1648 2023 1789 2071 Tom.
1817 2034 1861 2068 2.
1887 2022 2010 2083 Opp.

76 2081 325 2144 Epiphanii
344 2098 388 2145 p.
413 2095 522 2143 233.
557 2081 695 2130 Hisce
717 2083 972 2146 iungendus
990 2084 1215 2130 Eduardus
1237 2085 1535 2140 Bernhardus‚
1569 2087 1693 2133 cuius
1726 2101 1922 2134 accurata
1954 2086 2010 2133 de

74 2150 269 2209 gemmis
297 2151 336 2194 S.
367 2152 618 2213 Scripturae
646 2149 846 2198 traffiatio
875 2148 1038 2199 inserta
1055 2153 1174 2199 notis
1196 2152 1249 2200 ad
1268 2151 1437 2200 librum
1457 2156 1648 2214 111‚7.6.
1676 2156 2009 2218 Antiquitatum

74 2215 224 2263 Flauii
247 2213 427 2280 losephi
444 2234 545 2281 pag.
575 2222 665 2272 180
690 2216 776 2283 seq.
813 2219 930 2268 Ioan.
957 2221 1178 2267 Braunius
1195 2219 1312 2267 libro
1340 2237 1383 2268 2.
1416 2221 1582 2268 eruditi
1604 2221 1658 2268 (le
1680 2221 1841 2270 vestitu
1863 2225 2009 2267 Sacer-

77 2282 236 2330 dotum
257 2284 572 2330 Hebraeorum
594 2288 757 2348 operis,
779 2303 870 2352 cap.
885 2294 926 2342 8.
949 2285 1036 2351 seq.
1057 2289 1134 2351 qui
1153 2303 1199 2352 p⁴
1222 2295 1333 2351 631.
1355 2290 1564 2336 meminit
1582 2288 1687 2335 libri
1709 2288 1830 2352 quod
1851 2288 2007 2334 dehoc

75 2366 341 2411 argumento
378 2353 560 2398 molitus
589 2348 734 2400 fuerat
757 2356 829 2401 vir
859 2352 1058 2401 summus
1079 2356 1244 2402 Samuel
1269 2356 1532 2410 Bochartus,
1561 2353 1633 2402 sed
1663 2359 1740 2419 qui
1783 2370 1871 2400 vna
1903 2372 2007 2401 cum

76 2415 175 2481 ipso
197 2420 435 2466 intercidit.
477 2416 779 2467 Conferantur
789 2422 980 2487 amplius
992 2425 1117 2489 Hugo
1130 2423 1488 2489 Broughtonusin
1505 2427 1738 2470 Concentu
1759 2425 1796 2467 S.
1809 2423 2008 2487 Scriptu-

75 2501 149 2531 rae
168 2502 266 2551 pag.
304 2503 321 2536 1
338 2503 391 2545 55
419 2485 509 2553 seq.
545 2487 785 2549 Francisbus
803 2492 947 2547 Rueus,
964 2492 1019 2539 de
1042 2493 1233 2554 gemmis
1257 2492 1445 2555 aliquot,
1479 2504 1668 2554 quarum
1691 2491 1862 2536 mentio
1883 2487 1935 2535 fit
1956 2492 2006 2538 in

75 2553 358 2620 Apocalypsi,
380 2551 589 2603 Francof.
616 2562 756 2612 1596,
785 2570 857 2604 12.
880 2573 924 2606 et
947 2557 1065 2614 alibi,
1097 2575 1184 2606 vna
1205 2573 1307 2606 cum
1332 2553 1513 2605 Leuino
1526 2553 1722 2605 Lemnio
1754 2558 1809 2604 de
1841 2558 2006 2622 plantis

75 2618 277 2677 Biblicis‚
302 2620 530 2671 subiunffia
552 2623 754 2685 Paschasti
766 2625 980 2684 Balduini,
1001 2628 1219 2674 Canonici
1237 2622 1616 2691 Phalempinensis
1634 2662 1646 2682 ‚
1675 2623 1871 2690 Epistola
1892 2627 2005 2674 eius·

78 2683 184 2748 §lem
205 2695 467 2754 argumenti.
502 2691 737 2760 &acinthi
763 2695 953 2762 Ginzrqqae
973 2693 1165 2747 historia
1185 2693 1401 2758 lapidum,
1434 2693 1721 2748 mineralium
1740 2708 1783 2746 et
1805 2711 2002 2759 gemma-

1139 2763 1252 2831 ΒΗ·
1289 2776 1315 2828 3
1626 2797 1628 2799 >
1878 2777 1996 2819 rum,
