2263 3027
267 104 687 160 COMPENDIA
721 98 1280 163 ETJSYSTEMATA,
1303 99 1830 154 GEOGRAPHICA.
1918 111 2032 168 197⁴*

92 234 232 281 edidit
263 230 752 294 Bongarfius'Tom.2.
791 227 954 291 operis,
994 227 1064 272 cui
1094 225 1260 280 titulus,
1295 224 1410 286 gesta
1438 227 1526 272 Dei
1555 242 1636 289 per
1666 229 1874 279 Francos,
1915 224 2014 291 post

90 289 189 367 pag.
216 309 324 355 288.
431 298 603 345 Prodiit
626 296 742 360 apud
762 295 1002 342 Wechelos
1021 290 1227 339 Francof.
1258 297 1397 342 1611.
1423 291 1502 343 fol.
1541 292 1816 359 Ποςτολοὶνος
1851 294 2015 341 dieitur

90 369 209 433 apud
231 371 426 414 Graecos
446 380 643 412 recentes
669 362 807 415 liber,
852 364 996 408 nautis
1028 376 1188 425 portus
1210 376 1252 407 et
1273 361 1726 426 interuallalocorum
1748 360 2012 415 monstrans,

90 437 145 482 de
171 452 263 499 quo
292 434 394 480 vide
416 434 571 494 Cangii
593 428 864 478 Glossarium
896 429 1064 476 mediae
1094 444 1137 474 et
1155 426 1332 476 infimae
1364 430 1635 476 Graecitatis,
1738 433 1804 475 Ex
1833 431 2014 494 porticu

88 504 162 549 illa
189 497 596 563 Augustodunenfi‚
636 501 680 544 in
714 516 800 562 qua
822 500 1027 543 omnium
1063 512 1163 542 cum
1191 496 1451 542 nominibus
1473 498 1676 543 locorum
1710 495 1825 550 litus,
1863 494 2011 560 spatia,

86 571 322 616 interualla
343 565 571 632 'descripta
601 564 728 612 fuisse
760 564 937 612 testatur
963 567 1209 611 Eumenius
1250 566 1392 628 capite
1427 581 1498 614 20.
1537 566 1800 628 Panegyrici
1829 581 1913 628 pro
1945 581 2009 611 re-

65 642 68 645 ’
87 637 327 684 staur-andis
350 633 512 680 scholis
527 669 538 688 ‚
575 635 790 697 reliquiae
809 634 1024 697 quaedam
1048 633 1135 678 hoc
1155 629 1327 677 saeculo
1350 649 1551 697 repertae
1574 629 1686 685 sunt,
1724 633 1779 679 de
1802 648 1891 695 quo
1914 631 2013 695 pul·

86 706 313 751 cherrimo
342 703 615 765 antiquitatis
649 708 947 748 monumento
980 701 1085 746 vide
1106 698 1158 745 sis
1185 703 1434 747 Memorias
1464 701 1693 746 litterarias
1715 697 2012 757 Dombenses‚

84 771 185 824 siue,
222 770 526 818 Treuoltinas.
570 776 621 816 A.
650 773 790 831 1706.
826 787 870 833 p.
896 783 1039 830 2097.
1060 766 1146 832 seq.
1250 769 1301 814 In
1332 767 1581 814 Theodulfi
1609 765 1934 814 Aurelianensis
1964 767 2013 812 li-

83 839 166 885 bro
187 855 233 895 4.
271 841 448 884 carmen
481 839 663 884 tertium
697 835 758 883 est
784 839 829 882 in
851 837 1098 901 pithiam,
1151 853 1235 899 qua
1267 851 1357 881 erat
1390 837 1715 896 imago.terrae
1743 837 1790 881 in
1821 835 2012 880 modum
2062 875 2066 878 .

79 906 204 952 vrbis
232 903 566 968 comprehensa.
650 909 700 950 In
733 905 897 950 Palatio
923 904 1271 952 Barberinorum
1301 901 1626 952 Palaestrinenfi
1656 905 1851 948 cernitur
1872 918 2012 965 opere

81 975 263 1036 antiquo
286 970 479 1026 Musam,
514 971 602 1019 fiue
622 969 821 1018 Mosaico
842 970 1081 1038 descriptio
1102 972 1399 1036 geographica
1421 968 1569 1017 cursus
1586 971 1688 1016 Nili
1699 987 1712 1028 3
1752 970 1856 1017 vide
1877 970 2009 1034 ephe·

79 1040 273 1088 merides
292 1040 523 1087 litterariae
546 1038 767 1087 Pai'ifinas.
813 1045 865 1088 A.
894 1055 1033 1104 1719.
1074 1038 1266 1087 Ogiobr.
1302 1055 1345 1104 p.
1367 1045 1480 1101 467.

235 1179 290 1224 X.
346 1174 680 1239 Compendium
713 1176 878 1222 veteris
906 1175 1208 1239 geographiae
1241 1175 1422 1223 tradidit
1456 1172 1702 1238 Hispanice
1732 1172 1934 1234 Goioficlus
1963 1172 2011 1216 de

81 1244 215 1301 Salas,
251 1243 400 1289 Melae
420 1241 628 1289 inlistens.
717 1245 874 1298 Latine
896 1244 1000 1290 Phil.
1023 1244 1252 1296 Cluverius
1270 1240 1530 1307 frequenter
1549 1239 1738 1296 recusus,
1772 1257 1814 1287 et
1835 1236 2012 1287 nouiffi·

50 1316 52 1318 ’
78 1307 160 1355 me⁴
183 1311 364 1373 quidem
389 1327 489 1355 cum
521 1312 639 1354 notis
661 1326 711 1355 et¹
731 1307 1117 1355 obseruationibus
1145 1314 1256 1363 ann.
1280 1315 1486 1364 Bnnonis,
1524 1313 1636 1357 Ioan.
1666 1311 1834 1356 Frider.
1861 1309 2030 1354 Heclza

78 1378 142 1433 lii,
200 1381 311 1421 Ioan.
335 1378 506 1426 Reiskzi,
541 1387 584 1418 et
605 1376 814 1419 Guilielmi
833 1378 1068 1438 Readingii,
1108 1379 1309 1421 Londini
1344 1392 1426 1436 ¹7¹
1447 1394 1485 1423 1.
1523 1392 1566 1436 4.
1603 1392 1734 1438 atque
1752 1393 1857 1434 eura
1874 1377 2012 1437 Angu-

67 1444 395 1504 stiniBruzenii
419 1444 750 1488 Lamartinierii
787 1441 844 1501 (la
866 1442 1129 1495 Matiniere)
1169 1440 1412 1488 Amstelod.
1451 1458 1587 1501 1729.
1626 1458 1671 1503 4.
1778 1451 1826 1493 In
1850 1443 2010 1504 primis

78 1526 261 1572 quoque
303 1509 477 1553 laudem
517 1523 717 1553 meretur
761 1509 1084 1571 compendium
1128 1511 1331 1571 antiquae
1370 1509 1685 1570 Geographiae
1719 1510 1764 1553 in
1807 1510 2010 1553 tironum

76 1573 205 1621 Vsum
238 1577 556 1621 concinnatum
585 1592 607 1619 a
639 1572 888 1620 doffiffimo
913 1576 1015 1619 viro
1051 1575 1382 1638 Christophoro
1408 1578 1614 1626 Cellario,
1651 1576 1774 1637 quod
1800 1578 1909 1620 Sam.
1933 1578 2010 1620 Pa-

77 1649 205 1688 tricio
238 1657 417 1688 curante
453 1643 587 1690 variis
620 1641 730 1686 locis
775 1640 951 1687 aucium
982 1658 1025 1687 et
1064 1641 1222 1686 tabulis
1258 1642 1521 1689 instructum
1564 1643 1893 1704 Geographicis
1922 1643 2010 1687 iam

74 1708 247 1756 sextum
273 1710 458 1773 prodiit.
491 1709 691 1754 Londini
722 1724 855 1767 ¹73¹·
897 1717 937 1764 8.
1039 1708 1162 1754 Jdem
1199 1710 1413 1756 Cellarius
1444 1727 1605 1755 nouam
1630 1709 1783 1755 itidem
1812 1712 2010 1770 Geogra-

74 1779 232 1844 phiam
265 1776 397 1822 {imin
427 1776 650 1822 breui-ario
691 1775 936 1821 illustrauit.
1042 1776 1210 1822 Gallica
1249 1778 1399 1837 lingua
1428 1778 1749 1840 geographiam
1783 1772 2008 1830 veterem,

75 1844 174 1909 post
202 1846 434 1910 Philippum
463 1843 668 1889 Labbeum
698 1841 972 1889 illustrarunt
1006 1843 1189 1891 Robbms
1219 1841 1247 1889 s.
1270 1840 1320 1890 de
1338 1847 1377 1889 la
1400 1843 1559 1897 Robbe,
1600 1847 1645 1891 A.
1675 1849 1725 1901 D.
1753 1847 1847 1900 Fer,
1886 1848 1937 1890 D.
1964 1845 2008 1891 F.

3 1912 6 1960 l
75 1915 123 1958 de
145 1913 427 1970 Mernveilleux
450 1912 622 1975 aliique.
687 1913 954 1957 Germanica
975 1929 1075 1958 cum
1100 1908 1269 1958 sumum
1294 1913 1420 1959 laude
1442 1928 1715 1959 memoratus
1737 1914 1822 1958 iam
1840 1915 2008 1959 Ioannes

5 2019 8 2038 ᾗ
77 1978 331 2030 Hubnerus,
386 1980 570 2026 Scholae
602 1978 953 2041 Hamburgensis
996 1979 1103 2024 olim
1148 1996 1305 2040 magna
1345 1980 1509 2042 gloria,
1575 1981 1697 2026 cuius
1731 1978 2006 2043 quaestiones

76 2047 402 2110 geographicae
431 2063 473 2091 et
504 2048 549 2092 in
580 2048 809 2107 Belgicum
845 2047 1161 2109 Gallicumque
1193 2065 1240 2094 ac
1273 2045 1535 2101 Moscorum
1560 2048 1790 2095 translatae
1821 2048 2007 2101 idioma,

8 2109 10 2156 l
78 2109 119 2160 et
147 2114 416 2160 Germanice
443 2114 546 2159 inde
575 2113 627 2159 ab
666 2121 800 2160 Anno
844 2123 980 2173 1693.
1018 2131 1159 2178 Vsque
1192 2115 1245 2161 ad
1275 2133 1441 2162 annum
1481 2131 1620 2176 1753.
1656 2116 1916 2179 quadragies
1951 2115 2006 2161 ad

76 2183 316 2227 minimum
344 2177 516 2225 recusae
543 2183 751 2226 omnium
773 2182 979 2228 manibus
1001 2198 1220 2230 teruntur.
1309 2186 1476 2247 Neque
1497 2180 1825 2230 contemnenda
1848 2181 1906 2230 est
1926 2185 2006 2229 An-

76 2251 179 2294 drae
206 2252 372 2294 Goetzii
408 2245 682 2302 introduffio
714 2249 759 2294 in
795 2251 1134 2312 Geographiam
1168 2265 1395 2303 veterem,
1431 2252 1606 2316 mappis
1630 2249 1854 2304 illustrata,
1893 2254 2005 2296 Ger.-

78 2317 259 2362 manice.
312 2329 450 2373 1729.
502 2323 543 2369 8.
646 2318 712 2361 Ex
750 2317 815 2369 iis,
863 2319 940 2379 qni
970 2318 1104 2362 latine
1133 2317 1248 2364 hanc
1279 2319 1541 2383 compendii
1569 2335 1753 2382 operam
1787 2321 2004 2364 iuuenum

0 2446 5 2449 ξ
75 2381 225 2429 studiis
251 2396 467 2428 nauarunt
497 2398 586 2440 non
618 2385 940 2446 praetereunda
966 2384 1146 2449 Georgii
1165 2388 1388 2441 Fournierg
1423 2389 1463 2434 S.
1487 2390 1520 2432 I.
1549 2386 1848 2449 geographica
1880 2383 2004 2432 orbis

0 2469 19 2515 εἰ
78 2451 231 2496 notitia
249 2468 332 2515 per
358 2449 508 2495 littora
528 2451 661 2494 maris
684 2465 726 2496 et
749 2453 866 2515 ripas
888 2451 1149 2500 fluuiorum.
1183 2451 1390 2501 Francos.
1421 2457 1558 2508 1668.
1604 2469 1616 2498 1
1636 2468 1678 2500 2.

187 2581 195 2617 Ῐ
220 2587 296 2629 XI.
335 2584 561 2630 Notitiam
594 2583 851 2646 pleniorem
883 2588 1182 2651 geographiae
1210 2587 1414 2649 antiquae
1445 2583 1678 2633 vniuerlae
1705 2582 1879 2632 summa
1906 2585 2004 2633 dili-

19 2650 22 2687 ἰ
78 2651 223 2708 gentia
245 2666 285 2696 et
305 2652 580 2698 accuratione
603 2650 871 2697 elaboratam
899 2653 1113 2700 debemus
1134 2654 1292 2705 eidem,
1332 2670 1465 2717 quem
1486 2653 1624 2700 modo
1646 2654 1837 2713 laudaui,
1875 2653 2004 2701 Chri-

22 2741 23 2744 =
68 2716 256 2784 stophoro
277 2721 451 2767 Cellarz'o
464 2751 477 2773 ,
534 2719 800 2774 Academiae
820 2719 1042 2785 Hallenfis
1062 2736 1103 2767 et
1138 2723 1407 2769 Germaniae
1430 2722 1566 2769 totius
1598 2720 1710 2770 olim
1733 2723 2001 2770 ornamento

1122 2791 1154 2835 B
1174 2786 1204 2835 b
1242 2804 1269 2849 3
1681 2852 1684 2853 7
1848 2785 2000 2852 fingu-
