2263 3027
210 124 309 183 708
490 93 505 102 ’
781 115 930 168 CAP.
966 101 1126 171 xiv.
1168 101 1597 192 PRAETORES.

193 255 196 259 ’
223 237 405 291 consule
424 254 549 288 notas
567 242 692 290 Ioan.
714 243 886 290 Duiatii
903 243 958 290 ad
979 244 1162 292 Liuium
1183 240 1260 312 lib.
1281 251 1336 293 V.
1363 263 1456 314 cap.
1487 262 1558 298 12.
1628 230 1916 297 De'Patriciis
1942 243 2165 312 sigillatim
2230 273 2259 315 '.

219 314 341 358 Ioan.
366 313 447 357 Iac.
471 312 690 356 Draconis
724 310 778 357 de
800 313 1098 359 Pati-iciorum
1123 314 1301 378 origine
1336 332 1379 363 et
1410 321 1505 364 iure
1533 317 1673 365 libros
1697 320 1774 364 111.
1799 315 1919 384 Basjl.
1951 325 2084 376 1627.
2112 336 2160 376 4.

216 381 294 429 M„
320 379 511 424 Antonii
540 380 729 424 Ferrarii
758 378 1002 444 EpistolaS,
1042 396 1143 446 pag.
1170 397 1231 444 92
1254 379 1320 449 sq,
1400 384 1634 433 Obiauiani
1658 386 1851 434 Gentilii
1880 385 2165 432 de'Patricio-

216 463 319 493 rum
353 447 550 507 origine,
589 448 823 514 varietate,
867 447 1127 514 praestantia
1163 466 1206 498 et
1233 452 1414 499 'iuribus
1453 454 1593 501 libros
1627 457 1705 502 IV.
1739 457 1910 505 Romae
1955 463 2088 513 1736.
2119 470 2163 515 4.

214 516 287 561 De
313 515 510 560 Patriciis
540 514 679 561 medii
707 519 805 562 aeui
839 520 930 578 egit
964 518 1149 565 Cat-otu&
1186 522 1397 568 Frideric.
1430 523 1581 569 Pudor
1615 520 1823 585 singulari
1863 518 2165 568 dissertatione
2221 532 2227 542 ¹

210 578 387 646 Lipsiae
421 588 544 640 1758
568 582 781 644 euulgata.
847 585 1000 633 Plures
1031 604 1084 633 ex
1109 588 1301 652 equestri
1328 589 1489 636 ordine
1518 588 1656 637 leSkos
1687 591 1859 636 notauit
1890 591 2020 636 etiarn
2049 584 2166 634 sose-

217 649 340 714 phus
362 652 479 696 XIX.
510 667 546 698 1.
568 667 610 715 p.
635 660 747 712 652.
816 655 888 700 De
907 653 1080 702 ciuibus
1102 658 1319 703 Romanis
1342 655 1504 704 iniussu
1525 658 1687 724 populi
1716 675 1845 719 agere
1871 666 1965 704 non
1990 669 2168 721 poter-at

219 720 427 772 Senatu8‚
466 731 515 762 vt
537 717 667 765 docet
697 721 853 767 Liuius
875 725 1035 781 XXVI.
1060 739 1138 787 33.
1170 724 1248 771 vbi
1270 722 1552 772 Piebisciturn
1577 742 1588 775 z
1647 728 1772 788 Qod
1790 728 1972 773 Senatu!
1994 730 2164 770 iuratus

220 790 410 832 maxima
428 799 537 850 pars
556 786 713 848 censbat
732 794 809 852 qui
827 789 1020 850 tgffidetis,
1040 795 1085 836 id
1104 793 1292 838 volumus
1312 793 1602 858 censt'musque.
1674 794 1849 855 Legatis
1871 799 2163 839 externorum

219 853 484 917 Principum
525 856 837 921 Gentiumque
863 861 1044 905 Senatus
1076 859 1170 905 dari
1203 858 1355 906 sositus
1380 877 1502 908 extra
1539 860 1700 908 vrbem
1728 863 1774 906 in
1802 859 1983 908 aedibus
2005 860 2163 905 Martis

220 919 294 967 vel
316 921 534 968 Bellonae.
605 923 724 970 Vide
748 923 1054 989 Dausqueium
1077 928 1130 973 ad
1155 929 1311 975 Silium
1335 946 1431 992 pag,
1456 943 1571 992 274.
1644 932 1713 974 De
1735 930 1900 991 Consilio
1922 931 2165 993 Sapientum
2241 950 2243 953 ν

222 988 349 1052 quod
365 989 420 1033 in
445 985 580 1034 variis
602 991 751 1037 Italiae
772 991 959 1040 vrbibus
979 992 1065 1053 fuit
1084 995 1225 1042 veluti
1247 999 1428 1042 Senatus
1453 997 1635 1060 quidam
1656 993 1948 1043 inferioribus
1971 993 2165 1047 saeculis,

219 1055 446 1102 videndus
469 1056 596 1102 Felix
618 1056 744 1106 Osius
765 1075 875 1105 tom.
901 1077 939 1120 3.
967 1059 1159 1108 thesauri
1187 1065 1445 1125 Antiquitat.
1466 1064 1616 1110 Italiae
1639 1065 1881 1110 Graeuizmi
1902 1080 1944 1127 p.
1967 1077 2090 1124 1040
2102 1058 2164 1123 sq-

356 1127 426 1170 De
446 1125 726 1172 Praetoribus
747 1128 825 1189 qui
847 1129 915 1173 ius
949 1128 1155 1175 dicebant
1177 1130 1365 1176 videndi
1391 1134 1663 1194 Interpretes
1684 1133 1930 1195 Pomponii
1956 1131 2004 1176 in
2034 1128 2166 1174 titulo

221 1189 517 1252 Digestorum
541 1192 595 1238 de
616 1195 807 1255 Origine
831 1196 956 1243 iuris,
1000 1197 1158 1242 Liuius
1179 1200 1277 1243 VII.
1305 1215 1341 1242 1.
1378 1196 1632 1245 Alexander
1653 1197 1705 1243 ab
1728 1198 1985 1244 Alexandro
2008 1200 2062 1242 ΙΙ.
2094 1211 2168 1252 15.

223 1257 399 1321 Wolfg.
421 1260 579 1306 Lazius
607 1259 662 1306 de
693 1261 882 1326 Republ.
906 1265 1108 1310 Romana
1128 1263 1245 1310 libro
1271 1279 1314 1313 2.
1385 1265 1612 1312 Gerar-dus
1635 1264 1797 1310 Noodt
1820 1265 1874 1311 de
1906 1265 2100 1328 imperio
2123 1276 2166 1309 et
2244 1287 2248 1292 v

222 1324 551 1380 iurisdiffione,
566 1326 684 1375 libro
706 1343 759 1376 1.·
780 1331 1249 1395 Ezech.Spanhemius
1270 1333 1324 1379 de
1347 1330 1427 1379 vsu
1442 1329 1763 1379 numismatum
1777 1335 2049 1396 T.‘2.p.103
2067 1328 2163 1393 sqq.

220 1397 410 1442 Ioannes
433 1394 610 1458 Richey
638 1396 685 1442 in
713 1397 927 1444 vindiciis
957 1401 1176 1447 Praetoris
1199 1401 1395 1447 Romani
1423 1414 1467 1447 et
1497 1402 1608 1447 iuris
1629 1401 1865 1447 honorarii
1886 1405 1931 1439 ¹4
1959 1416 2065 1463 quas
2083 1395 2161 1444 sub

218 1460 440 1527 praesidio
463 1462 608 1513 Gottl.
630 1465 775 1511 Kortii
796 1465 969 1530 Lipsiae
997 1483 1123 1529 1730
1149 1465 1363 1515 defendit.
1403 1470 1649 1517 M.Anton.
1671 1469 2053 1531 Ferrariusp.1o5
2070 1463 2166 1529 sqq.

218 1528 538 1594 Epistolarum.
608 1532 760 1578 Caroii
782 1534 925 1580 Gottl.
946 1537 1129 1582 Knorrii
1153 1534 1393 1584 dissertatio
1420 1535 1474 1582 de
1502 1534 1598 1582 vsuv
1615 1534 1812 1600 praffic'o
1838 1536 1870 1584 l.
1892 1538 1944 1582 R.
1966 1534 2020 1580 de
2042 1550 2166 1598 prae-

219 1612 322 1645 tore
341 1613 383 1644 et
402 1598 551 1645 iudice
570 1599 787 1664 pedaneo.
810 1601 949 1648 Halae
977 1604 1253 1661 1726edita.
1322 1608 1392 1651 De
1422 1619 1630 1669 praetore
1651 1600 1882 1671 peregrini>
1910 1598 2166 1649 'consulatur

217 1668 344 1714 Ioan.
369 1668 562 1713 Henrici
592 1668 732 1732 Mylii
766 1665 1006 1716 dissertatio
1034 1671 1207 1737 Lipsiae
1246 1685 1377 1736 1732
1411 1673 1627 1734 euulgata.
1702 1675 1857 1719 Franc.
1880 1669 2024 1718 Carol.
2047 1672 2163 1714 Con-

219 1734 319 1779 radi
348 1737 524 1795 Parerg.
553 1751 599 1799 p.
628 1753 644 1781 1
675 1733 768 1800 sqq.
840 1739 1004 1785 Comes
1035 1739 1089 1786 de
1122 1737 1295 1788 Guasco
1318 1737 1539 1787 Dissertat.
1571 1735 2162 1800 historicopoliticositterar.

219 1803 359 1846 Tom.
392 1816 429 1847 1.
458 1799 550 1848 diff.
574 1819 614 1852 2.
684 1807 754 1850 De
783 1820 992 1869 praetore
1011 1805 1148 1867 fistals
1170 1820 1455 1853 commentat.
1487 1806 1627 1851 edidit
1648 1804 1796 1851 Carol.
1821 1802 2073 1849 Aeoluthus
2098 1805 2162 1846 Ie-

153 1915 156 1918 .
217 1883 301 1914 nae
329 1876 466 1929 1758.
533 1871 602 1915 De
626 1871 917 1917 iurisdiffione
935 1877 1196 1920 Praetorum
1220 1871 1434 1919 differunt
1457 1876 1552 1918 Car.
1574 1873 1782 1931 Sigonius
1805 1871 1859 1916 de
1890 1871 2073 1931 antiquo
2097 1870 2162 1914 iu·

220 1952 270 1982 re
292 1938 337 1981 P.
365 1937 415 1979 R.
440 1937 471 1980 Ι.
495 1947 558 1985 20
593 1952 636 1982 et
658 1941 712 1982 Π.
738 1952 776 1996 ς.
848 1943 969 1985 Ioan.
993 1943 1099 1986 Ern.
1124 1944 1252 1986 Imm.
1277 1939 1505 1986 Walchius
1540 1939 1593 1984 ad
1623 1938 1802 1984 Geli-atii
1837 1953 1982 2000 comp.
2023 1942 2073 1982 A.
2108 1939 2161 1983 R.

217 2019 264 2067 p.
294 2014 384 2061 192
403 1998 462 2065 sq.
487 2017 529 2048 et
553 2005 688 2049 Corn.
711 2008 854 2050 Maur.
874 2023 896 2051 a
917 2006 1055 2052 Felde
1078 2009 1124 2052 in
1146 2005 1237 2053 diss.
1257 2006 1312 2053 de
1334 2008 1409 2058 iis,
1446 2024 1555 2070 quae
1576 2007 1685 2050 olm-1
1708 2007 1754 2050 in
1778 2006 1874 2050 iure
1893 2003 2009 2068 apud
2029 2020 2160 2067 prae-

217 2086 367 2118 torem
399 2067 739 2134 peragebantur.
772 2072 931 2121 Vltrai.
976 2089 1095 2134 ¹749
1131 2074 1262 2119 edita.
1350 2077 1419 2119 De
1452 2070 1761 2119 iurisdiffione
1790 2070 1867 2118 sub
1904 2069 2158 2118 Caesaribus

218 2136 552 2185 Celeberrimus
587 2138 617 2183 Ι.
649 2144 701 2185 Α.
732 2137 903 2185 Ernesti
924 2137 1124 2186 Excursu
1155 2144 1209 2187 ΙΙ.
1240 2140 1293 2186 ad
1327 2143 1529 2187 Suetonii
1561 2137 1773 2187 Caesares,
1840 2142 1932 2185 Cur
1963 2135 2160 2184 afi’tiones

218 2207 472 2272 praetoriae
501 2205 665 2251 annales
692 2203 776 2252 fint
807 2204 1053 2269 disquisiuit
1082 2211 1177 2255 Car.
1214 2208 1345 2264 Fetd.
1377 2208 1672 2255 Hommeiius
1699 2209 1747 2253 in
1779 2207 2161 2253 commentatione

215 2270 338 2339 Lips.
368 2276 494 2333 1756
513 2275 559 2318 in
581 2274 725 2320 lucem
749 2271 911 2319 emissa.

350 2343 419 2386 De
462 2337 664 2388 Tribunis
691 2339 816 2406 plebis
845 2358 1097 2407 eorumque
1124 2359 1269 2389 annua
1288 2341 1502 2407 potestate
1524 2339 1815 2390 conferantur
1835 2339 2088 2388 Alexander
2107 2337 2159 2386 ab

218 2407 479 2459 Alexandro
501 2407 578 2456 lib.
605 2423 644 2458 1.
671 2426 765 2475 cap.
794 2423 837 2470 3.
868 2425 911 2457 et
941 2410 1006 2457 ibi
1036 2411 1336 2475 Tiraquellus.
1407 2415 1553 2460 Henr.
1575 2410 1842 2458 Dodwellus
1870 2405 2161 2522 Praestg‘iiog.
2207 2428 2211 2430 -

216 2490 219 2493 >
1896 2496 1899 2497 ⁷
2038 2491 2106 2521 am
2145 2502 2161 2509 -

289 2613 324 2638 ¹⁴
348 2610 598 2651 Hcineccium
623 2624 747 2663 quum
776 2610 966 2653 refutasset
994 2611 1170 2653 Richeius
1197 2611 1453 2653 affirmantem
1477 2612 1621 2653 Histot.
1654 2614 1729 2654 Iut.
1750 2612 1781 2650 1.
1813 2606 1940 2660 69‘sq.
1976 2619 2012 2646 et
2032 2608 2164 2660 Antiq.

221 2666 301 2705 lut.
328 2667 352 2702 P
392 2668 417 2702 ἶ.
440 2680 521 2718 pag.
543 2677 604 2714 51.
627 2669 826 2707 Praetores
855 2669 985 2708 edidis
1004 2666 1078 2709 suis
1100 2670 1199 2720 leges
1229 2667 1294 2707 sub
1316 2668 1440 2722 specie
1461 2669 1657 2720 aequitatis
1685 2663 1878 2710 euertisse,
1910 2665 1972 2704 ille
1995 2666 2032 2704 in
2061 2677 2165 2715 repe·

217 2722 286 2760 tita
310 2721 474 2760 editione
496 2721 678 2759 Historiae
702 2724 788 2762 iuris
810 2724 854 2762 nd
883 2725 914 2775 §.
938 2736 1004 2778 70.
1030 2736 1067 2764 et
1086 2725 1125 2763 in
1143 2718 1312 2763 'Historia
1337 2725 1562 2764 Edietorum
1588 2736 1672 2775 pag.
1695 2735 1784 2765 100.
1810 2718 1954 2771 Opusc·
1973 2719 2167 2772 postumo-

222 2789 330 2823 rum,
361 2774 498 2814 Coi-tio
519 2777 581 2826 qui
602 2778 673 2813 iam
705 2778 741 2815 in
764 2781 855 2818 riuis
879 2779 947 2819 effe
973 2779 1126 2820 desierat
1146 2790 1182 2819 et
1203 2779 1357 2820 Richeio
1376 2778 1526 2821 summa
1546 2790 1633 2818 cum
1648 2774 1840 2818 iracundia
1861 2773 2083 2830 respond-it,
2106 2787 2165 2814 ca-

220 2834 373 2884 stigatus
396 2844 414 2869 a
439 2831 580 2869 Rittero
601 2830 649 2868 ad
671 2830 809 2871 dictam
837 2835 888 2872 H.
910 2836 938 2874 1.
962 2835 1255 2892 paragraphum.
1520 2831 1522 2833 ¹
