2263 3027
357 102 648 159 Pom-rm
684 102 1206 157 AEGYPTIORVM
1242 105 1339 158 ET
1374 70 1836 164 GRAEcoRVM.
1963 118 2059 182 695

135 230 528 280 lodamorconfert.
555 276 562 290 ς
597 237 718 279 Tota
739 239 974 296 Aegyptus
992 230 1103 277 olim
1133 231 1298 279 tributa
1318 235 1366 280 in
1387 231 1651 284 inferiorem
1668 273 1678 292 ,
1717 236 1993 304 superiorem
2016 253 2060 290 et

133 300 350 355 mediam,
390 299 584 363 singulae
612 302 769 347 harum
791 303 956 345 iterum
990 300 1037 344 in
1069 316 1231 347 nomos
1260 300 1347 348 fiue
1375 305 1633 368 prouincias
1654 306 1820 354 decem.
1867 306 2061 357 'Confer

134 369 401 432 Philippum
431 369 734 423 Bertherium‚
781 367 897 412 libro
932 383 967 411 1.
999 368 1225 422 πιθανῶν,
1261 387 1353 434 cap.
1382 387 1427 433 4.
1492 375 1675 439 Regum!
1703 377 1922 424 immanes
1952 394 2061 442 opes
2125 393 2127 395 ·

135 451 184 481 ac
214 438 439 498 potentia,
475 435 656 482 vrbium
688 449 732 481 et
758 433 1008 480 incolarum
1037 432 1311 484 incredibili's
1339 439 1471 502 plane
1500 457 1713 488 numerus
1734 443 1935 491 traditur.
2004 447 2061 492 Et

133 503 411 550 Theocritus
463 504 717 550 Ptolemaeo
775 502 1072 568 Philadelpho
1130 504 1274 550 adhuc
1328 508 1386 551 ait
1440 504 1607 554 subesse
1667 511 1865 558 ciuitates
1897 526 2061 573 33353.

54 578 67 585 '
134 569 267 633 Idyll.
301 575 441 617 XVII.
473 588 515 616 v-
546 578 624 624 82.
695 569 847 615 Plures
888 587 1019 632 quam
1059 571 1253 617 termille
1297 574 1493 620 ciuitates
1528 573 1601 622 sua
1638 579 1884 625 etiamnum
1925 595 2061 627 aetate

132 635 331 698 agnoscit
352 636 772 684 DiodoruffSiculus
803 635 877 682 lib.
906 653 943 683 1.
968 655 1066 701 pag.
1089 652 1169 699 27.
1201 655 1322 684 antea
1355 657 1446 686 non
1485 645 1717 706 pauciores
1746 646 2062 708 duodeuiginti

131 704 335 751 millibus
364 701 547 752 extitiss'e
564 702 812 776 professus,
899 706 1069 750 incolas
1104 721 1347 768 3000000,
1379 724 1505 754 antea
1542 725 1790 769 7000000.
1871 715 2060 761 Theb-22

69 801 79 805 ‚
129 773 404 836 Metropolis
436 773 716 834 longitudine
740 770 826 817 fuit
849 769 1078 832 oCmginta
1099 771 1355 819 stadiorum.
1423 777 1677 827 Ptolemaeo
1698 781 1902 836 Auleta'e‚
1943 786 2060 829 attri-

131 840 187 885 tis
210 857 255 885 ac
279 837 462 886 defeElzis
483 841 568 886 iam
589 839 766 904 pridem
798 841 927 900 regni
951 840 1126 886 viribus
1146 843 1373 887 annuatim
1397 844 1601 891 redibant
1625 847 1784 894 talenta
1810 863 1971 908 12500
2000 865 2060 896 te-

130 905 191 954 ste
218 907 336 971 apud
355 906 617 953 Strabonem
638 923 679 971 p.
703 915 797 968 7953
823 909 1054 952 Cicerone.
1127 911 1195 952 De
1219 907 1438 971 l'ynedriis
1461 926 1503 957 et
1525 913 1699 960 iudiciis
1725 919 2061 980 Aegyptiorum

128 975 264 1020 exstat
286 973 399 1021 liber
419 977 598 1020 Ioannis
620 977 797 1020 Nicolai
814 1008 826 1030 ,
859 974 1003 1035 Lugd.
1028 979 1113 1021 Bar.
1148 983 1282 1035 1706.
1299 983 1342 1029 8.
1411 976 1657 1025 Historiam
1680 998 1838 1042 regum
1863 986 2062 1048 Aegypti

126 1041 227 1107 post
248 1036 554 1088 Alexandrum
586 1045 652 1091 M.
685 1040 1067 1105 quemadmodum
1095 1045 1248 1105 Syriae
1268 1048 1292 1082 4
1310 1059 1514 1107 quoque,
1554 1064 1606 1093 ex
1631 1051 1780 1094 numis
1806 1063 1849 1095 et
1874 1051 1969 1097 aliis
1990 1069 2062 1098 ve·

127 1108 296 1156 teribus
316 1112 623 1156 monumentis
647 1111 825 1171 egregie
848 1107 1081 1155 illustrauit
1096 1113 1148 1156 V.
1163 1113 1209 1155 C.
1229 1114 1414 1158 loannes
1431 1112 1635 1167 Vaillant,
1661 1114 1795 1163 Amst.
1821 1131 1960 1176 1701.
1978 1116 2062 1164 fol.

126 1178 212 1224 Cui
234 1177 418 1223 addatur
440 1180 622 1230 Reineri
643 1178 870 1223 Reineccii
887 1175 1068 1222 historia
1092 1177 1200 1223 Iulia
1217 1194 1342 1241 parte
1365 1195 1405 1239 3.
1428 1198 1527 1245 pag.
1560 1190 1615 1237 58
1641 1179 1733 1246 sqq.
1803 1187 2063 1232 Primorum

128 1259 172 1291 et
213 1243 617 1308 antiquiffirnorum
660 1248 810 1291 minus
849 1244 1105 1310 exploratae
1147 1262 1217 1292 res
1258 1242 1417 1304 sunt„
1443 1250 1510 1296 vti
1548 1246 1752 1298 succeffio
1799 1252 2062 1319 temporum

123 1327 305 1358 incerta.

259 1446 339 1490 VI.
374 1442 663 1508 Respublicas
692 1457 872 1490 centum
900 1457 942 1490 et
969 1439 1343 1508 duodesexaginta
1378 1446 1664 1515 descripserat
1694 1450 1974 1510 Aristoteles,
2010 1465 2061 1501 vt

129 1508 190 1557 est
210 1512 327 1576 apud
349 1515 577 1558 Laertium
611 1528 654 1558 et
674 1517 974 1575 Anonymum
996 1515 1195 1574 Menagii
1219 1515 1274 1560 de
1303 1517 1391 1562 vita
1416 1516 1705 1583 Philosophi,
1739 1518 1827 1568 siue
1848 1536 1898 1568 vt
1923 1525 2061 1569 Grae-

128 1581 227 1624 uius
247 1577 427 1643 praefat.
445 1577 636 1625 thesauri
660 1580 826 1641 a‘ntiqu.
848 1582 1035 1625 Roman.
1062 1595 1166 1629 tom⁴
1189 1599 1227 1626 1.
1257 1579 1404 1629 nescio
1429 1602 1519 1648 quo
1550 1603 1574 1633 e
1601 1584 1842 1651 scriptore,
1878 1599 2062 1637 centum

128 1660 173 1692 et
192 1644 420 1709 oeloginta
445 1666 454 1694 :
508 1645 596 1693 fiue
625 1661 676 1693 vt
695 1648 967 1693 Ammonius
995 1646 1190 1709 denique
1211 1645 1283 1693 seu
1308 1651 1588 1715 Philoponus
1611 1655 1656 1699 in
1681 1654 1930 1703 Aristotelis
1955 1658 2061 1710 vita.

128 1712 337 1759 ducentas
366 1730 409 1760 et
435 1715 756 1777 quinquaginta
790 1716 1011 1778 quinque,
1051 1717 1329 1762 Graecorum
1362 1721 1578 1773 maxime,
1614 1736 1709 1766 tum
1740 1725 1873 1769 etiam
1906 1723 2063 1771 Barba·

126 1797 308 1834 rorum,
346 1797 436 1844 quo
472 1783 518 1827 in
550 1798 689 1845 opere
718 1783 1001 1845 peculiariter
1032 1781 1204 1828 dixerat
1233 1783 1288 1829 de
1319 1785 1373 1832 iis
1409 1803 1520 1850 quae
1547 1791 1844 1837 Monarchico
1879 1806 1923 1837 et
1950 1808 2062 1855 quae

125 1850 440 1895 Democratico
460 1864 592 1912 atque
614 1848 933 1896 Aristocratico
963 1851 1158 1914 imperio
1180 1865 1427 1901 vterentur.
1477 1859 1552 1901 'In
1586 1856 1772 1905 Arabica
1805 1858 1923 1904 illius
1956 1875 2062 1924 ope·

129 1915 190 1961 ris
221 1915 424 1962 verfione
457 1929 566 1979 quae
598 1933 876 1963 memoratur
909 1917 962 1963 ab
993 1917 1248 1964 Herbeloto
1283 1921 1328 1965 in
1362 1921 1472 1970 Bibl.
1503 1919 1750 1981 Orientali,
1787 1926 1841 1972 de
1862 1930 2061 1977 CXXIV.

128 1981 378 2029 ciuitatibus
400 1986 677 2030 mentionem
702 1982 799 2030 fieri
819 1983 1007 2030 affirmat
1029 1982 1221 2049 scriptor
1242 1987 1384 2035 Arabs
1409 1992 1526 2052 Hagi
1549 1989 1717 2040 Kalfah.
1788 1994 2061 2056 Vulgauerat

126 2050 220 2095 illas
244 2067 441 2114 rerump.
464 2049 782 2109 descriptiones
803 2068 933 2116 atque
970 2054 1024 2099 de
1053 2053 1227 2099 illarum
1262 2055 1580 2105 constitutione
1609 2057 1811 2107 censuras
1845 2061 2061 2109 Aristote-

68 2168 72 2170 ,
127 2117 191 2163 les
213 2134 310 2163 aute
328 2118 467 2162 libros
484 2120 804 2178 Politiccrum,
843 2122 1221 2184 Etliicorumque,
1259 2122 1346 2169 siue
1370 2125 1436 2171 de'
1452 2126 1570 2172 ciuili
1593 2143 1635 2173 et
1658 2126 1816 2174 morali
1841 2128 2059 2176 doStr‘ina.

129 2186 268 2248 Qiod
287 2183 453 2230 illustre
475 2202 589 2248 opus
609 2186 777 2236 aneiori
801 2187 878 2251 ipsi
901 2191 945 2233 in
970 2203 1171 2234 extremo
1199 2192 1641 2240 Nicomachaeorum
1662 2195 1910 2251 laudatum,
1949 2212 2058 2242 tem-

128 2270 295 2318 porum
319 2253 477 2297 iniuria
498 2252 585 2298 siue
606 2253 891 2301 librariorum
915 2257 1184 2317 negligentia
1208 2258 1474 2305 intercidisse
1497 2263 1791 2308 vehementer
1808 2263 2057 2309 dolendum

132 2319 211 2372 est,
251 2337 329 2366 nec
356 2317 619 2365 desiderium
643 2320 754 2366 illud
775 2322 944 2369 leuatur
968 2326 1199 2387 perpaucis
1222 2322 1486 2385 fragmentis
1509 2345 1620 2390 quae
1647 2331 1946 2392 vndecunque
1966 2331 2058 2375 ''c'ol-

129 2389 235 2451 legit
272 2385 322 2433 Is.
352 2386 656 2439 casaubonus,
701 2403 745 2434 et
778 2390 1102 2436 recentioribus
1133 2389 1383 2438 Aristotelis
1414 2394 1686 2441 editionibus
1722 2394 2058 2445 subnexuerunt
2099 2410 2104 2417 ‘

127 2458 336 2504 editores.
404 2457 608 2500 Nomina
627 2457 1062 2521 rerumpublicarum
1083 2458 1134 2503 ab
1156 2459 1235 2504 illo
1262 2460 1577 2507 celebratarum
1600 2462 1706 2509 haec
1729 2467 1968 2510 LXXXIV.
1988 2483 2058 2512 re-

128 2525 279 2589 perio:
316 2521 633 2587 Abydcnormu,
656 2523 920 2570 >Achiuos-um
937 2560 948 2579 ,
970 2530 1279 2580 *Acarnanmm
1317 2532 1733 2592 Adramyttenorum,
1762 2533 2054 2596 Aeginenfium,

127 2588 401 2646 Aetolorum,
431 2586 697 2654 'Alya'enstmn
718 2628 729 2646 ‚
776 2590 1146 2639 Ambraciotarum
1165 2631 1176 2650 ,
1225 2596 1654 2661 AmphipOlitanormn
1675 2632 1685 2651 ,
1740 2597 2055 2662 Antiffizeorum,

133 2660 511 2725 Apolloniatarzmi'‚
551 2660 782 2714 Arcadum,
820 2663 1102 2725 Argiuorum,
1136 2663 1438 2725 Athenieafium
1460 2682 1474 2711 .·
1536 2668 1857 2725 Bottiaeorum‚
1894 2671 2054 2730 Byzan-

436 2776 439 2778 .
571 2729 576 2733 ’
945 2745 948 2748 ’
1078 2732 1096 2774 Ι
1118 2743 1151 2779 2.
1776 2756 1784 2767 ι’
1874 2740 2051 2788 tiorum,

174 2804 315 2845 *Eius
332 2803 479 2848 historia
499 2819 633 2861 regum
654 2805 781 2860 Syriae
798 2803 845 2845 ad
862 2802 981 2846 fidem
1003 2805 1272 2847 numismatum
1294 2808 1579 2850 accommodata
1598 2810 1737 2865 prodiit
1753 2812 1860 2854 Parifi
1883 2815 2001 2864 1681.
2014 2828 2055 2870 4.
