2263 3027
164 86 293 123 1010
480 39 482 41 ’
773 64 923 119 cAt’.
955 65 1110 121 xxii.
1196 65 1502 121 POCVLA.

161 191 418 244 Alexander
439 188 728 241 Wilhelmius
748 190 795 238 in
810 186 1121 239 'dissertatione
1137 178 1361 257 dephiala
1384 193 1787 258 reliquiarum-stae
1801 194 2009 257 Agathae,
2026 198 2106 245 vbi

159 262 218 311 de
237 276 442 310 veterum
463 260 711 313 lenticulis,
750 259 980 324 ampullis,
1021 258 1268 321 lagunculis
1289 279 1298 306 z
1342 263 1526 308 Carolus
1562 264 1803 315 Errardus,
1845 261 1994 327 Ρίἃοι·
2025 267 2108 312 Res

159 332 274 394 gius,
298 330 345 375 in
364 325 472 374 vasis
494 329 709 391 antiquis,
734 327 920 391 aliisque
943 342 1149 374 veterum
1172 326 1305 374 rebus
1327 332 1416 375 aeri
1431 327 1579 376 'incisis
1597 346 1642 376 et
1652 332 1848 391 Reginae
1859 329 2108 378 Christinae

157 398 332 449 dicatis,
368 392 498 442 Paris.
519 391 599 442 fol.
624 398 815 443 Lazarus
837 392 1013 458 Baysius
1033 395 1090 442 de
1112 392 1319 449 vasculis,
1352 394 1442 444 siue
1470 395 1929 443 animaduersionibus
1960 399 2004 443 in
2030 399 2110 444 Ti-

156 465 304 512 tulum
329 460 616 524 Digestorum
640 462 695 509 de
715 478 822 509 auro
845 477 887 509 et
908 476 1093 523 argento
1118 462 1285 525 legata,
1321 479 1431 527 quae
1450 463 1625 511 recusae
1645 462 1745 511 sunt
1766 480 1876 510 tom.
1889 467 1962 510 IX.
1980 465 2110 512 The·
2164 470 2166 472 ’

159 529 277 578 sauri
297 533 507 578 Gronov.
528 529 610 576 vbi
644 532 777 577 etiam
802 547 858 577 ex
880 526 1047 576 Casalio
1078 530 1296 577 nonnulla
1327 546 1593 595 repetuntur
1622 533 1676 578 de
1708 530 1973 592 insignibuS,
2011 548 2114 578 anu.-

158 599 236 652 lis,
270 596 420 644 fibulis
445 612 525 644 etc.
545 598 600 644 de
623 597 785 660 quibus
806 596 1044 662 postremis
1078 600 1318 662 praecipue
1347 599 1565 645 videndus
1591 601 1650 647 lo.
1675 600 1881 645 Rhodius
1914 599 1962 644 in
1991 597 2110 645 libro

165 667 222 713 de
243 667 351 712 Acia
372 662 497 713 Celsi.
566 668 800 728 Qaenam
831 662 1120 729 supellestilis
1152 666 1339 711 nomine
1371 666 1800 730 comprehenderint
1818 679 1993 713 veteres
2016 666 2110 713 lCti
2133 719 2145 726 .,

159 734 377 786 Romani,
415 732 547 779 docet
571 733 698 780 Alex.
723 747 767 779 et
788 733 1045 779 Alexandro
1067 732 1144 780 lib.
1165 748 1201 780 1.
1225 733 1384 795 geni-al.
1408 734 1596 780 dierum.
1623 751 1659 780 c.
1689 747 1760 791 19.
1830 736 1898 779 De
1912 733 2109 796 [poculis.
2148 728 2153 730 .

158 801 348 863 lagenis,
384 797 517 846 labris
546 814 589 846 et
621 798 736 846 focis
767 797 1075 863 mensurisque
1096 816 1301 847 veterum
1331 799 1647 849 Hebraeorum
1671 803 1779 848 Rev.
1811 796 2033 863 Daffimius.
2058 801 2108 847 in

161 865 254 916 diss.
279 872 335 914 A.
354 870 493 926 1696.
518 867 697 928 vulgata
717 867 770 914 ad
796 868 977 914 titulum
1002 867 1321 914 Talmudicum
1347 869 1488 926 Celim,
1507 869 1562 915 de
1582 867 1704 923 vasis,
1726 869 1804 932 qui
1826 867 1963 914 exstat
1981 881 2111 913 tomo

159 939 240 983 VI.
264 934 465 981 Mishnae
477 933 840 983 Surenhusianae.
877 938 946 981 De
968 934 1141 999 poculis
1162 935 1432 980 Iudaeorum
1451 936 1594 981 multo
1615 952 1718 982 cum
1742 933 1947 982 lefflonis
1968 949 2011 981 et
2032 933 2110 980 do-

159 1001 330 1051 &rinae
350 1016 561 1065 apparatu
585 1003 673 1062 agit
697 1002 869 1048 Thom.
889 999 1133 1048 Gatakerus
1155 1004 1279 1065 Opp.
1298 1005 1357 1047 T.
1378 1017 1414 1049 1.
1439 1015 1609 1065 9442.
1654 1006 1723 1048 De
1745 1003 1911 1065 poculo
1931 1001 2111 1048 benedi-

159 1068 325 1119 &ionis
345 1072 400 1114 D.
421 1072 476 1115 G.
500 1074 744 1114 Wernerus
766 1067 975 1129 singulari
1007 1066 1307 1115 dissertatione
1328 1072 1458 1116 lenae
1486 1076 1627 1129 1718.
1705 1071 1773 1114 De
1798 1073 2113 1116 Romanorum

158 1152 368 1184 veterum
399 1136 573 1200 poculis
601 1151 778 1198 praeter
811 1134 1013 1196 austures
1043 1133 1173 1200 supra
1200 1153 1301 1200 pag.
1331 1146 1438 1196 877'.
1477 1135 1675 1181 laudatos
1700 1136 1816 1181 Elias
1849 1142 2031 1181 Amatus
2061 1139 2109 1182 in

160 1207 337 1252 Lettera
355 1204 404 1248 de
427 1201 633 1267 Βίζσῖσίενι·
655 1203 743 1247 dell'
764 1202 981 1248 Antichita
1006 1209 1052 1248 in
1062 1203 1117 1264 fit
1136 1205 1171 1249 le
1197 1204 1351 1265 menfi’,
1390 1217 1516 1267 parte
1545 1199 1735 1249 secunda
1767 1204 1861 1248 eius
1889 1201 2111 1266 epistolar.

158 1272 306 1318 italice
326 1270 546 1317 editarum
567 1273 756 1317 Genuae-
779 1285 918 1330 1715.
939 1286 984 1332 4.
1014 1287 1058 1335 Ρ.
1087 1275 1197 1331 28‘5.
1249 1268 1467 1335 Iosephus
1491 1272 1746 1317 Lanzonius
1766 1271 1813 1316 in
1834 1272 2029 1321 Latera,
2065 1274 2111 1316 in
2199 1268 2208 1336 'h
2227 1260 2245 1278 ”

160 1344 229 1386 cui
259 1339 411 1400 cercafi
436 1338 486 1399 fi·
516 1342 792 1384 anticamente
818 1339 851 1383 il
877 1342 1072 1404 Coppiere
1092 1375 1104 1394 ‚
1145 1351 1331 1403 portaua
1365 1339 1398 1383 il
1427 1337 1633 1385 biochiere
1661 1343 1705 1385 in
1729 1344 1850 1384 mano
1881 1352 1970 1384 etc:
1999 1352 2112 1400 quae

160 1404 295 1455 exstat
322 1408 451 1454 T.11.
478 1421 602 1470 parte
625 1409 720 1451 ΧΠ.
744 1405 873 1451 diarii
896 1406 1041 1459 italici,
1064 1406 1260 1453 Galleria
1277 1405 1323 1453 di
1342 1407 1576 1462 Minerua,
1595 1423 1695 1470 pag.
1717 1415 1822 1465 385.
1846 1403 1937 1469 sqq.
1957 1403 2114 1451 austor

159 1490 415 1537 anonymus
439 1471 752 1520 dissertationis
774 1472 830 1519 de
851 1490 1018 1521 cratere
1040 1489 1269 1530 veterum,
1305 1474 1602 1538 quae‘legitur
1623 1489 1751 1520 tomo
1783 1476 1880 1519 XII.
1903 1471 2113 1519 historiae

161 1543 339 1590 criticae
359 1540 539 1605 reipubl
580 1542 816 1589 litterariae
837 1559 934 1606 pag.
954 1557 1066 1603 273.
1083 1539 1176 1605 sqq.
1244 1546 1314 1589 De
1333 1541 1508 1606 poculis
1529 1557 1572 1589 et
1593 1540 1702 1587 vasis
1725 1541 1972 1588 murrhinis
1987 1539 2112 1587 Guil.

158 1609 366 1657 Stuckius
389 1611 468 1655 ΙΙΙ.
498 1621 569 1658 12.
591 1606 653 1672 sq.
698 1609 850 1656 Nicol.
873 1609 1087 1657 Guiberti
1115 1607 1209 1656 diss.
1236 1610 1293 1662 de
1323 1610 1573 1658 murrhinis
1598 1615 1645 1648 27
1681 1607 1788 1656 vasis
1816 1610 1902 1669 (ex
1929 1607 2110 1671 onyche

159 1677 267 1725 vide
286 1677 774 1738 10.Henr.Eggelingii
789 1676 1002 1740 Mysteria
1025 1679 1201 1726 Cereris
1223 1694 1266 1725 et
1287 1679 1445 1726 Bacchi
1466 1695 1509 1743 p.
1528 1675 1672 1740 6.·sq.)
1688 1673 1894 1725 Francof.
1916 1691 1934 1723 ι
1949 1690 2053 1735 597.
2068 1682 2109 1728 8'·

159 1759 204 1793 et
228 1747 347 1789 Ioan.
369 1744 492 1790 Frid.
515 1743 698 1790 Christii
717 1742 956 1792 dissertatio
977 1746 1032 1792 de
1055 1748 1244 1801 murinis
1263 1762 1492 1804 veterum,
1515 1743 1631 1810 Lips.
1663 1760 1803 1807 1743.
1854 1747 1923 1789 De
1942 1755 2111 1787 cratere

158 1808 420 1874 aspersionis
442 1814 504 1856 lo.
540 1815 661 1875 Bapt.
693 1809 904 1859 Passerius
935 1814 982 1860 in
1011 1819 1064 1861 A.
1093 1817 1141 1860 F.
1163 1815 1299 1861 Gorii
1328 1811 1550 1877 symbolis
1579 1813 1803 1859 litterariis
1830 1809 2004 1855 volum.
2030 1810 2111 1852 VI.

158 1894 205 1942 p.
225 1874 404 1939 29.sqq.
443 1878 680 1941 Amphora
700 1882 871 1927 vinaria
890 1883 1114 1936 Romana,
1145 1879 1248 1927 osso
1282 1883 1469 1942 congios
1489 1882 1750 1937 continens,
1788 1893 1812 1922 e
1844 1879 1961 1921 Ioan.
1987 1878 2109 1938 Bapt.

158 1946 303 1991 Donii
321 1941 689 2007 inscriptionibus
711 1949 930 2010 antiquis,
964 1941 1019 1994 ab
1040 1950 1242 1995 Antonio
1267 1952 1421 1995 Franc.
1443 1948 1590 1993 Gorio
1615 1946 1766 1996 editis,
1801 1943 2040 1989 exhibetur
2061 1943 2108 1988 in

159 2008 285 2059 Astis
306 2010 588 2057 eruditorum
617 2016 668 2057 A.
690 2025 773 2071 173
784 2023 824 2061 6.
843 2030 941 2077 pag.
957 2022 1001 2068 8.
1057 2017 1274 2060 Poculum
1296 2010 1545 2077 pretiosum
1564 2009 1882 2076 sapphirinum
1902 2006 2110 2058 describit

158 2077 439 2125 Theodorus
460 2078 735 2125 Prodromus
761 2082 837 2125 IV.
857 2096 901 2143 Ρ.
926 2087 1026 2137 169.
1049 2078 1143 2143 sqq.
1179 2085 1247 2127 De
1270 2080 1451 2145 tripode
1472 2080 1526 2125 de
1547 2079 1735 2143 poculo,
1773 2078 1939 2141 poculo
1963 2073 2110 2124 ansato

161 2146 210 2193 in
231 2145 474 2197 certamine
487 2146 683 2191 Homeri
696 2160 737 2191 et
752 2144 939 2192 Hesiodi
960 2148 1163 2194 videatur
1176 2152 1471 2194 Heumannus
1485 2145 1618 2192 assor.
1639 2143 1898 2210 philosoph.
1912 2159 2036 2210 parte
2056 2145 2110 2192 X.
2130 2177 2133 2179 -

157 2229 256 2278 pag.
279 2218 385 2271 508.
403 2209 464 2275 sq.
502 2214 571 2259 De
592 2212 765 2276 poculis
786 2210 998 2261 astris‘eris
1016 2231 1222 2261 veterum
1242 2218 1388 2276 agitur
1412 2216 1583 2262 volum.
1605 2217 1684 2260 11-1.
1709 2215 1752 2247 2⁸
1776 2210 1970 2260 thesauri
1987 2226 2110 2273 gem-

159 2296 335 2326 marum
361 2277 978 2342 antiquarum-astriferarum,
1046 2285 1116 2328 De
1135 2282 1311 2346 poculis
1335 2282 1671 2337 Grammaticis,
1707 2279 1797 2327 slue
1819 2282 1893 2338 iis,
1930 2282 1977 2326 in
2009 2279 2109 2341 qui-

158 2347 243 2395 bus
264 2347 455 2393 deorum
477 2346 769 2408 imaginibus,
804 2364 916 2411 quae
944 2349 999 2394 iis
1032 2350 1097 2395 in2
1113 2350 1291 2414 poculis
1319 2345 1546 2413 expressae
1571 2363 1719 2400 erant,
1756 2348 2003 2409 litterarum
2021 2344 2108 2393 ele·

159 2429 310 2462 menta
332 2428 564 2477 certaeque
586 2412 808 2462 diE‘tiones
837 2431 961 2462 erant
990 2415 1161 2464 additae
1190 2416 1292 2463 vide
1318 2420 1378 2464 Io.
1405 2420 1574 2477 Georg.
1602 2417 1950 2464 Bidermannum
1981 2427 2109 2476 parte

160 2483 310 2546 prima
334 2485 532 2528 otiorum
554 2484 664 2528 varii
694 2484 946 2544 argumenti
974 2499 1020 2548 Ρ.
1042 2492 1151 2538 208.
1173 2481 1264 2547 sqq.
1328 2485 1490 2532 Pocula
1518 2477 1792 2535 Σελευκίδες,
1822 2475 2108 2543 Αντιγοιίὸες,

162 2543 480 2619 Πςουστοίὸες,
517 2549 621 2595 vide
647 2550 927 2598 Athenaeum
957 2566 1090 2615 atque
1120 2551 1360 2600 Edmundiv
1381 2551 1585 2602 Chilhuu
1610 2551 1890 2617 antiquitates
1919 2545 2108 2663 afiartlicas

2040 2651 2050 2662 ι
2067 2628 2106 2664 1,

219 2709 257 2737 ²7
285 2706 518 2750 Porcellanis
539 2688 593 2752 ea,
615 2707 764 2749 confert
782 2708 984 2751 Salmasius
1001 2722 1040 2766 p.
1055 2720 1154 2766 203.
1174 2708 1354 2755 adSolino

221 2759 257 2790 ²⁸
288 2761 384 2804 Aeta
406 2763 601 2805 Eruditoi·.
629 2776 746 2819 1755.
766 2777 805 2818 p.
825 2764 920 2818 617.
