2263 3027
597 102 607 164 s
675 104 1095 160 EDVLIORVM
1133 105 1432 157 GENERA.
1926 112 2020 171 885

92 238 241 285 Henr.
261 231 508 281 Reinhardi
529 229 851 280 differtat.duas
872 231 926 279 de
948 231 1057 278 cibis
1072 232 1386 280 Hebraeorum
1407 227 1664 296 prohibitis.
1684 225 1867 278 Witteb.
1888 234 2024 290 1697.

86 318 136 353 et
155 302 380 351 Io.·Andr.
403 302 565 347 Danzii
595 296 760 348 differt.
796 299 850 346 de
882 300 1148 347 animalibus
1180 297 1253 348 esu
1283 296 1547 346 interdiffls.
1579 301 1710 345 Ienae
1737 304 1877 360 1687.
1917 298 2027 343 etin

91 367 375 420 Meuschenii
393 372 455 417 N.
466 373 525 416 T.
547 385 601 416 ex
622 367 846 415 Talmude
866 366 1080 414 illustrato
1100 385 1199 432 pag.
1214 383 1322 430 795.
1345 364 1440 430 sqq.
1509 369 1580 413 De
1599 363 1811 428 sanguine
1831 378 1876 412 et
1895 360 2031 412 suffo=

93 453 189 486 cato
213 439 400 486 Grotius
420 452 463 500 et
483 436 559 484 alii
580 438 845 499 interpretes
863 436 916 483 ad
937 433 1033 489 Ast.
1049 439 1144 481 XV.
1184 451 1227 483 et
1246 438 1311 482 10.
1333 438 1479 483 Henr.
1501 434 1815 497 Heideggerus
1828 433 1877 479 in
1897 430 2030 479 liber-

92 520 179 553 tate
201 504 554 553 Christianorum
579 502 719 565 alege
740 502 900 550 cibaria
919 504 1062 550 veteri
1084 518 1239 549 contra
1260 502 1465 566 Stephan.
1487 502 1808 553 Curcellaeum.
1847 496 2030 547 Amstel.

103 577 243 624 1662.
274 582 317 631 8.
348 587 391 619 et
411 582 581 637 p.493.
604 566 696 634 sqq.
722 574 860 637 Oper.
933 570 1016 633 Sed
1041 571 1160 634 apud
1182 571 1283 616 alias
1308 585 1461 631 gentes
1481 567 1578 616 fere
1600 569 1715 616 nihil
1736 568 1846 626 tale,
1881 569 2030 630 itaque

94 642 237 689 carnis
278 643 409 687 etiam
441 640 647 692 caninae,
692 637 906 696 asininae,
956 639 1196 685 camelinae
1223 634 1353 683 Vsum
1382 654 1466 701 pro
1499 637 1599 683 cibo
1633 632 1872 683 obtinuisse
1906 648 2030 681 not-at

95 709 378 757 Mercurialis
391 710 491 753 Var.
508 704 605 753 lest.
623 709 676 752 11.
697 723 738 767 ς.
807 712 844 755 Α
868 708 1053 771 porcina
1077 721 1225 753 tamen
1247 705 1488 751 nonnullae
1508 720 1662 766 gentes
1683 704 1794 750 olim
1816 700 2033 749 abstinue-

95 792 222 829 runt,
259 775 485 837 hodieque
503 772 734 821 abstinent.
778 775 897 822 Vide
919 774 1120 821 Bochart.
1141 773 1404 821 Hierozoic.
1427 773 1453 819 l.
1473 790 1506 818 c.
1530 788 1699 837 p.702‚
1738 769 2033 818 Castellanum

78 845 151 895 *de
174 842 248 891 esu
268 843 466 899 carninm
489 858 534 905 p.
555 849 659 901 389.
679 846 836 889 Tomo
851 845 920 887 IX.
940 838 1134 888 thesauri
1155 844 1318 889 Graev.
1341 855 1382 886 et
1406 843 1466 886 Io.
1485 841 1596 886 Phil.
1620 837 1792 886 Caffelii
1824 835 2033 901 disquisit.

95 912 150 958 de
173 911 355 976 populis
376 908 540 956 asuilla
570 908 903 958 abstinentibus,
943 909 1094 971 Magd.
1136 923 1272 966 1740.
1341 907 1470 954 Adde
1497 905 1650 953 Kolbii
1684 903 2033 969 descriptionem

96 981 250 1044 c'apitis
271 977 415 1025 bonae
433 976 526 1043 spei
548 993 590 1041 p.
603 987 718 1041 487,
789 977 938 1024 Glires
958 978 1172 1024 Romanis
1194 976 1379 1038 aliisque
1402 973 1610 1036 gentibus
1639 989 1820 1036 quoque
1849 974 1897 1018 in
1927 971 2032 1018 deli³

66 1095 70 1099 ,
94 1048 174 1094 ciis
195 1044 404 1103 fuerunt,
437 1062 573 1110 quare
595 1062 671 1092 eos
691 1047 740 1092 in
760 1042 951 1106 glirariis
983 1042 1237 1107 saginabant
1247 1059 1257 1098 ;
1298 1043 1403 1088 vide
1431 1046 1686 1088 Varronem
1721 1040 1777 1087 de
1808 1056 1857 1086 re
1879 1037 2037 1086 rustica

57 1119 60 1123 ’
92 1114 168 1164 lib.
183 1128 226 1173 3.
248 1128 342 1179 cap.
363 1127 432 1174 ις.
469 1128 513 1162 et
532 1115 836 1178 Bruyerinum
855 1112 881 1159 l.
905 1130 939 1158 c.
962 1129 1059 1176 pag.
1078 1127 1185 1169 554.
1225 1112 1302 1174 qui
1323 1111 1455 1156 etiam
1471 1109 1526 1156 de
1541 1106 1775 1156 esculentis
1800 1107 1895 1154 aliis
1916 1120 2037 1154 vete-2

50 1236 53 1237 ⁷
93 1198 197 1230 rum
229 1198 283 1228 ex
316 1197 448 1227 carne
477 1182 580 1242 agit.
669 1178 908 1228 Necessitas
939 1179 1169 1226 interdum
1194 1178 1422 1241 vcompulit
1451 1175 1652 1223 carnibus
1681 1175 1875 1223 humanis
1906 1172 2036 1236 vesci

93 1246 585 1310 ConferDausqueium
613 1248 666 1294 ad
677 1248 833 1294 Silium
851 1264 892 1311 p.
908 1245 1056 1310 89.sq.
1098 1244 1547 1293 Drackenborchium
1569 1244 1621 1290 ad
1646 1243 1839 1290 eundem
1852 1246 1907 1292 11.
1927 1255 2037 1305 522.

92 1316 338 1377 Rigaltium
361 1331 403 1377 p.
423 1329 495 1371 32.
515 1314 569 1360 ad
591 1315 949 1362 Artemidorum.
985 1316 1103 1362 Petri
1125 1315 1255 1361 Periti
1277 1312 1444 1359 librum
1467 1312 1522 1358 de
1545 1311 2035 1376 anthropophagorum

94 1398 250 1430 natura
278 1397 320 1429 et
350 1380 572 1440 moribus..
604 1382 761 1443 Vltrai.
798 1387 941 1438 1668.
968 1392 1008 1438 8.
1064 1385 1173 1430 Dan.
1194 1381 1332 1429 Wilh.
1352 1380 1604 1426 Trillerum
1638 1393 1859 1443 pag.544.
1881 1374 1944 1441 sq.
1982 1377 2038 1424 ad

92 1450 383 1512 Hug.Grotii
403 1446 630 1496 Christum
655 1451 924 1514 patientem,
962 1464 1004 1496 et
1025 1453 1147 1498 Ioan.
1170 1447 1389 1496 Schmidii
1410 1444 1573 1495 differt.
1599 1447 1656 1493 de
1681 1443 1758 1493 esu
1785 1446 1927 1493 carnis
1955 1445 2039 1492 hu-

93 1534 250 1564 manae
271 1517 408 1563 licito.
446 1514 565 1580 Lipss
595 1524 736 1576 1691.
806 1518 1179 1582 ichthyophagos
1201 1533 1358 1563 omnes
1386 1515 1641 1562 Alexander
1670 1515 1816 1561 vetuit
1844 1510 2039 1578 piscibus

27 1626 32 1628 γ
94 1586 252 1632 viuere
273 1583 378 1631 teste
401 1584 547 1631 Plinio
567 1588 644 1631 VI.
671 1601 746 1644 23.
816 1583 1094 1633 Abstinentia
1115 1603 1138 1632 a
1158 1582 1383 1649 piscibuss
1412 1600 1524 1648 quae
1544 1583 1728 1630 Graecis
1759 1598 1861 1646 pars
1891 1579 1952 1628 est
1979 1581 2039 1627 ie·

97 1654 237 1706 iunii,
269 1652 375 1698 vide
400 1653 557 1698 Nicol.
596 1655 886 1700 Comnenum
922 1654 1207 1718 praenotion.
1243 1650 1427 1716 myst-ag.
1456 1668 1553 1716 pag.
1572 1664 1683 1703 220.
1710 1650 1955 1712 antiquitus
1975 1664 2042 1695 re·

97 1718 298 1783 ligiofior
317 1719 470 1765 multis
488 1717 580 1765 visa
596 1756 608 1775 ,
643 1736 739 1766 non
762 1723 1000 1785 Aegyptiis
1020 1721 1181 1773 modo,
1213 1718 1317 1767 teste
1339 1719 1603 1773 Herodoto,
1641 1719 1717 1781 qui
1739 1715 2040 1764 sacerdotibus

98 1784 221 1836 nefas
241 1783 373 1834 fuiffe·
392 1783 512 1833 vesci
531 1784 725 1851 piscibus
759 1786 938 1834 testatur
966 1792 1020 1835 II.
1045 1802 1117 1849 37.
1154 1786 1227 1835 sed
1259 1789 1391 1835 etiam
1417 1787 1528 1836 aliis,
1599 1785 1717 1832 Vide
1738 1781 1938 1840 Voffium
1964 1785 2042 1829 IV.

99 1869 234 1915 23.et
249 1869 271 1912 ς
286 1870 321 1902 ι.
345 1854 400 1901 de
420 1854 692 1902 Idololatria.
762 1856 868 1901 Olim
889 1855 994 1916 vesti
1004 1854 1193 1922 pisi-ibus,
1226 1857 1372 1919 inquit
1394 1852 1600 1901 Erasmus
1618 1852 1736 1899 libro
1753 1855 1829 1899 VI.
1851 1851 2042 1916 Apoph-

35 1964 39 1965 γ
97 1923 404 1983 thegmatum‚
434 1937 518 1988 pro
552 1922 710 1968 deliciis
731 1920 988 1978 habebatur,
1025 1921 1206 1982 (confer
1227 1925 1425 1969 Dionem
1458 1935 1500 1972 2.
1520 1922 1575 1968 de
1595 1924 1735 1983 regno
1759 1922 1915 1984 p.28.)
1938 1921 2044 1964 dice·

97 1989 341 2051 banturque
359 1989 593 2055 Opsbphagi.
660 1994 779 2037 Nunc
808 2007 858 2037 ca
884 2008 954 2037 res
985 2007 1135 2056 magna
1165 1991 1217 2054 est
1237 1989 1529 2052 sanbifimonia.
1603 1992 1672 2035 De
1701 1986 1889 2053 piscium
1912 2001 2041 2048 atque

96 2059 249 2103 auium
269 2053 364 2102 esus
384 2053 704 2104 consuetudine
724 2056 1085 2123 in'antepasch'ali
1105 2060 1274 2105 ieiunio
1307 2057 1444 2105 exstat
1475 2054 1714 2103 dissertatio
1743 2060 1787 2084 ¹0
1812 2053 2043 2099 historico-

98 2122 623 2190 phyficologicomoralis
635 2124 951 2173 Mich.Amati.
971 2125 1171 2190 Neapoli
1193 2139 1331 2185 1723.
1349 2129 1435 2170 -De
1459 2125 1685 2183 Harcngis
1705 2120 1777 2169 seu
1799 2119 2042 2167 Halecibus

101 2210 211 2240 num
237 2192 429 2254 antiquis
450 2191 545 2236 noti
559 2191 605 2236 in
624 2189 788 2246 cibum,
802 2191 1008 2257 disquirit
1021 2195 1244 2240 Martinus
1258 2190 1535 2238 Schoockius
1556 2189 1763 2251 singulari
1778 2188 1830 2234 de
1851 2188 1938 2233 illis
1952 2186 2040 2232 dia-

98 2259 227 2308 triba;
295 2263 364 2306 De
388 2257 498 2305 cibis
521 2257 787 2306 militaribus
807 2264 1119 2307 Romanorum
1145 2259 1428 2321 aliorumque
1459 2259 1616 2303 Simon
1650 2255 1846 2302 Maiolus
1864 2256 1911 2299 in
1937 2253 2039 2300 Col-

99 2329 264 2392 loquiis
288 2324 620 2374 Canicularibus
641 2342 685 2389 P·
701 2341 810 2389 549.
834 2320 896 2391 sq.
917 2341 1028 2388 714.
1053 2326 1157 2372 edit.
1187 2327 1235 2371 in
1270 2322 1350 2373 fol.
1419 2328 1566 2372 Panes·
1587 2321 1828 2386 φοινικικὲς
1859 2320 1948 2368 siue
1982 2338 2038 2368 ex

99 2397 261 2461 palmis
287 2410 329 2442 et
350 2411 500 2441 carnes
515 2390 760 2456 suspensas,
796 2395 844 2440 in
863 2396 962 2451 vini
981 2391 1104 2441 faece
1127 2391 1415 2456 compofitaS,
1450 2390 1524 2438 sed
1546 2406 1588 2438 et
1610 2389 1693 2437 sale
1722 2389 1921 2436 conditas
1941 2388 2041 2435 alia·

102 2480 188 2528 que
206 2465 253 2509 in
276 2459 426 2516 usum,
462 2459 704 2507 obsidionis
733 2474 940 2525 tempore
959 2461 1204 2508 recondere
1236 2457 1387 2506 suadet
1404 2460 1536 2505 Philo
1568 2458 1684 2505 libro
1705 2462 1758 2503 V.
1781 2456 2040 2522 Poliorceti-

19 2539 22 2541 ’
102 2547 186 2578 con
216 2547 258 2596 p.
276 2537 352 2585 86.
420 2533 490 2576 De
516 2526 613 2575 salis
641 2524 721 2573 vsu
741 2529 861 2592 apud
888 2544 1088 2587 veteres,
1122 2529 1409 2589 Io.'Langius⁴
1429 2531 1485 2574 ΙΙ.
1521 2542 1594 2588 32.
1620 2524 1761 2590 Epist.
1782 2524 2033 2571 medicinal.

101 2615 204 2645 nam
239 2598 492 2662 Aegyptios
515 2595 696 2661 quidem
728 2595 807 2641 illo
841 2594 1092 2644 abstinuisse
1122 2594 1300 2643 testatur
1329 2595 1589 2641 Plutarchus
1610 2596 1731 2643 V111.
1764 2599 1807 2649 8.
1837 2588 2036 2658 sympos.

45 2774 49 2777 Α
95 2746 101 2752 ·
162 2734 198 2756 ¹⁰
223 2731 441 2772 <Memoires
465 2729 514 2770 de
534 2730 720 2770 Trevoux
747 2736 875 2782 1724.
890 2724 1056 2783 p.1107.
1968 2659 2040 2706 De

102 2798 207 2844 vol.
243 2811 287 2850 2.
1231 2797 1270 2839 K
1305 2792 1337 2840 k
1366 2812 1369 2815 ·
