<?xml version="1.0" encoding="UTF-8"?>
<!DOCTYPE html PUBLIC "-//W3C//DTD XHTML 1.0 Transitional//EN"
    "http://www.w3.org/TR/xhtml1/DTD/xhtml1-transitional.dtd">
<html xmlns="http://www.w3.org/1999/xhtml" xml:lang="en" lang="en">
 <head>
  <title>
</title>
<meta http-equiv="Content-Type" content="text/html;charset=utf-8" />
  <meta name='ocr-system' content='tesseract 3.04.00' />
  <meta name='ocr-capabilities' content='ocr_page ocr_carea ocr_par ocr_line ocrx_word'/>
</head>
<body>
  <div class='ocr_page' id='page_1' title='image "./ioalbertifabrici00fabr/ioalbertifabrici00fabr_0133.png"; bbox 0 0 2263 3027; ppageno 0'>
   <div class='ocr_carea' id='block_1_1' title="bbox 0 1821 30 3027">
    <p class='ocr_par' dir='ltr' id='par_1_1' title="bbox 0 1821 30 3027">
     <span class='ocr_line' id='line_1_1' title="bbox 0 1821 30 3027; baseline 0 0"><span class='ocrx_word' id='word_1_1' title='bbox 0 1821 30 3027; x_wconf 95' lang='lat' dir='ltr'> </span> 
     </span>
    </p>
   </div>
   <div class='ocr_carea' id='block_1_2' title="bbox 487 99 1994 165">
    <p class='ocr_par' dir='ltr' id='par_1_2' title="bbox 487 99 1994 165">
     <span class='ocr_line' id='line_1_2' title="bbox 487 99 1994 165; baseline -0.005 -8"><span class='ocrx_word' id='word_1_2' title='bbox 487 101 993 162; x_wconf 72' lang='lat' dir='ltr'>SCRIPTORES</span> <span class='ocrx_word' id='word_1_3' title='bbox 1064 99 1555 165; x_wconf 86' lang='lat' dir='ltr'>GENERALES.</span> <span class='ocrx_word' id='word_1_4' title='bbox 1904 115 1994 161; x_wconf 88' lang='lat'>¹09</span> 
     </span>
    </p>
   </div>
   <div class='ocr_carea' id='block_1_3' title="bbox 0 224 2033 2861">
    <p class='ocr_par' dir='ltr' id='par_1_3' title="bbox 0 224 2033 2794">
     <span class='ocr_line' id='line_1_3' title="bbox 62 224 1994 296; baseline -0.005 -15"><span class='ocrx_word' id='word_1_5' title='bbox 62 235 125 296; x_wconf 71' lang='lat' dir='ltr'>tio</span> <span class='ocrx_word' id='word_1_6' title='bbox 147 234 269 281; x_wconf 86' lang='lat' dir='ltr'>Iouis</span> <span class='ocrx_word' id='word_1_7' title='bbox 283 229 365 278; x_wconf 78' lang='lat' dir='ltr'>filii</span> <span class='ocrx_word' id='word_1_8' title='bbox 384 228 571 285; x_wconf 83' lang='lat' dir='ltr'>filiaeue,</span> <span class='ocrx_word' id='word_1_9' title='bbox 598 228 842 284; x_wconf 85' lang='lat' dir='ltr'>Vulcanus,</span> <span class='ocrx_word' id='word_1_10' title='bbox 881 227 1066 290; x_wconf 80' lang='lat' dir='ltr'><strong>Apollo,</strong></span> <span class='ocrx_word' id='word_1_11' title='bbox 1101 230 1239 281; x_wconf 69' lang='lat' dir='ltr'>Mam,</span> <span class='ocrx_word' id='word_1_12' title='bbox 1276 226 1546 277; x_wconf 86' lang='lat' dir='ltr'>Mercurius,</span> <span class='ocrx_word' id='word_1_13' title='bbox 1582 224 1805 276; x_wconf 82' lang='lat' dir='ltr'>Minerua,</span> <span class='ocrx_word' id='word_1_14' title='bbox 1837 225 1994 278; x_wconf 86' lang='lat' dir='ltr'>Diana,</span> 
     </span>
     <span class='ocr_line' id='line_1_4' title="bbox 61 289 1994 363; baseline -0.006 -14"><span class='ocrx_word' id='word_1_15' title='bbox 61 307 217 349; x_wconf 84' lang='lat' dir='ltr'>Venus</span> <span class='ocrx_word' id='word_1_16' title='bbox 245 317 288 347; x_wconf 89' lang='lat' dir='ltr'>et</span> <span class='ocrx_word' id='word_1_17' title='bbox 314 299 491 363; x_wconf 80' lang='lat' dir='ltr'>Cupido</span> <span class='ocrx_word' id='word_1_18' title='bbox 516 296 680 358; x_wconf 84' lang='lat' dir='ltr'>viginti</span> <span class='ocrx_word' id='word_1_19' title='bbox 702 292 775 341; x_wconf 83' lang='lat' dir='ltr'>sex</span> <span class='ocrx_word' id='word_1_20' title='bbox 798 294 1014 358; x_wconf 79' lang='lat' dir='ltr'>capitibus</span> <span class='ocrx_word' id='word_1_21' title='bbox 1035 304 1310 341; x_wconf 83' lang='lat' dir='ltr'>enarrentur.</span> <span class='ocrx_word' id='word_1_22' title='bbox 1378 295 1517 340; x_wconf 86' lang='lat' dir='ltr'>Partis</span> <span class='ocrx_word' id='word_1_23' title='bbox 1537 289 1752 339; x_wconf 79' lang='lat' dir='ltr'>secundae</span> <span class='ocrx_word' id='word_1_24' title='bbox 1775 292 1890 338; x_wconf 90' lang='lat' dir='ltr'>libro</span> <span class='ocrx_word' id='word_1_25' title='bbox 1906 296 1994 356; x_wconf 89' lang='lat' dir='ltr'>pri-</span> 
     </span>
     <span class='ocr_line' id='line_1_5' title="bbox 62 360 1998 431; baseline -0.006 -14"><span class='ocrx_word' id='word_1_26' title='bbox 62 387 140 418; x_wconf 90' lang='lat' dir='ltr'>mo</span> <span class='ocrx_word' id='word_1_27' title='bbox 162 370 307 431; x_wconf 82' lang='lat' dir='ltr'>agitur</span> <span class='ocrx_word' id='word_1_28' title='bbox 321 367 384 414; x_wconf 64' lang='lat' dir='ltr'>vde</span> <span class='ocrx_word' id='word_1_29' title='bbox 403 363 618 421; x_wconf 83' lang='lat' dir='ltr'>Hercule,</span> <span class='ocrx_word' id='word_1_30' title='bbox 653 363 850 415; x_wconf 85' lang='lat' dir='ltr'>BacchO,</span> <span class='ocrx_word' id='word_1_31' title='bbox 890 362 1034 425; x_wconf 88' lang='lat' dir='ltr'>deque</span> <span class='ocrx_word' id='word_1_32' title='bbox 1063 364 1163 409; x_wconf 88' lang='lat' dir='ltr'>Diis</span> <span class='ocrx_word' id='word_1_33' title='bbox 1198 362 1400 409; x_wconf 84' lang='lat' dir='ltr'>Bacchici</span> <span class='ocrx_word' id='word_1_34' title='bbox 1431 375 1581 408; x_wconf 86' lang='lat' dir='ltr'>coetus</span> <span class='ocrx_word' id='word_1_35' title='bbox 1611 360 1795 421; x_wconf 76' lang='lat' dir='ltr'>triginta</span> <span class='ocrx_word' id='word_1_36' title='bbox 1821 375 1864 407; x_wconf 86' lang='lat' dir='ltr'>et</span> <span class='ocrx_word' id='word_1_37' title='bbox 1895 362 1998 406; x_wconf 77' lang='lat' dir='ltr'>vnis</span> 
     </span>
     <span class='ocr_line' id='line_1_6' title="bbox 64 426 1999 502; baseline -0.006 -17"><span class='ocrx_word' id='word_1_38' title='bbox 64 436 296 502; x_wconf 76' lang='lat' dir='ltr'>capitibus.</span> <span class='ocrx_word' id='word_1_39' title='bbox 363 431 503 480; x_wconf 90' lang='lat' dir='ltr'>Libro</span> <span class='ocrx_word' id='word_1_40' title='bbox 528 428 722 477; x_wconf 86' lang='lat' dir='ltr'>secundo</span> <span class='ocrx_word' id='word_1_41' title='bbox 756 430 810 476; x_wconf 90' lang='lat' dir='ltr'>de</span> <span class='ocrx_word' id='word_1_42' title='bbox 833 427 1112 494; x_wconf 78' lang='lat' dir='ltr'>Aesculapio,</span> <span class='ocrx_word' id='word_1_43' title='bbox 1149 430 1204 476; x_wconf 92' lang='lat' dir='ltr'>de</span> <span class='ocrx_word' id='word_1_44' title='bbox 1247 434 1342 476; x_wconf 85' lang='lat' dir='ltr'>Dea</span> <span class='ocrx_word' id='word_1_45' title='bbox 1375 432 1531 481; x_wconf 87' lang='lat' dir='ltr'>Roma,</span> <span class='ocrx_word' id='word_1_46' title='bbox 1570 429 1624 474; x_wconf 90' lang='lat' dir='ltr'>de</span> <span class='ocrx_word' id='word_1_47' title='bbox 1657 426 1903 482; x_wconf 80' lang='lat' dir='ltr'>Dioscuris,</span> <span class='ocrx_word' id='word_1_48' title='bbox 1943 429 1999 474; x_wconf 90' lang='lat' dir='ltr'>de</span> 
     </span>
     <span class='ocr_line' id='line_1_7' title="bbox 65 498 1999 562; baseline -0.006 -10"><span class='ocrx_word' id='word_1_49' title='bbox 65 509 292 562; x_wconf 83' lang='lat' dir='ltr'>Fortuna,</span> <span class='ocrx_word' id='word_1_50' title='bbox 326 501 380 548; x_wconf 82' lang='lat' dir='ltr'>de</span> <span class='ocrx_word' id='word_1_51' title='bbox 412 498 674 552; x_wconf 78' lang='lat' dir='ltr'>Penatibus,</span> <span class='ocrx_word' id='word_1_52' title='bbox 712 498 857 560; x_wconf 85' lang='lat' dir='ltr'>deque</span> <span class='ocrx_word' id='word_1_53' title='bbox 889 499 984 543; x_wconf 87' lang='lat' dir='ltr'>aliis</span> <span class='ocrx_word' id='word_1_54' title='bbox 1017 499 1225 562; x_wconf 74' lang='lat' dir='ltr'>plurimis</span> <span class='ocrx_word' id='word_1_55' title='bbox 1267 501 1546 545; x_wconf 86' lang='lat' dir='ltr'>Graecorum</span> <span class='ocrx_word' id='word_1_56' title='bbox 1594 499 1999 558; x_wconf 69' lang='lat' dir='ltr'>Romanorumque</span> 
     </span>
     <span class='ocr_line' id='line_1_8' title="bbox 62 561 1998 634; baseline -0.006 -14"><span class='ocrx_word' id='word_1_57' title='bbox 62 574 162 620; x_wconf 88' lang='lat' dir='ltr'>Diis</span> <span class='ocrx_word' id='word_1_58' title='bbox 194 567 410 634; x_wconf 79' lang='lat' dir='ltr'>capitibus</span> <span class='ocrx_word' id='word_1_59' title='bbox 442 564 648 613; x_wconf 81' lang='lat' dir='ltr'>sedecim.</span> <span class='ocrx_word' id='word_1_60' title='bbox 751 565 892 612; x_wconf 80' lang='lat' dir='ltr'>Libro</span> <span class='ocrx_word' id='word_1_61' title='bbox 927 568 1060 611; x_wconf 90' lang='lat' dir='ltr'>tertio</span> <span class='ocrx_word' id='word_1_62' title='bbox 1093 565 1147 612; x_wconf 89' lang='lat' dir='ltr'>de</span> <span class='ocrx_word' id='word_1_63' title='bbox 1182 565 1311 611; x_wconf 69' lang='lat' dir='ltr'>donis</span> <span class='ocrx_word' id='word_1_64' title='bbox 1343 564 1697 626; x_wconf 71' lang='lat' dir='ltr'>muneribusque</span> <span class='ocrx_word' id='word_1_65' title='bbox 1729 561 1998 615; x_wconf 82' lang='lat' dir='ltr'>caelestibus,</span> 
     </span>
     <span class='ocr_line' id='line_1_9' title="bbox 64 631 1998 701; baseline -0.004 -17"><span class='ocrx_word' id='word_1_66' title='bbox 64 642 265 701; x_wconf 81' lang='lat' dir='ltr'>itemque</span> <span class='ocrx_word' id='word_1_67' title='bbox 286 635 419 692; x_wconf 80' lang='lat' dir='ltr'>rebus</span> <span class='ocrx_word' id='word_1_68' title='bbox 443 634 584 687; x_wconf 86' lang='lat' dir='ltr'>malis,</span> <span class='ocrx_word' id='word_1_69' title='bbox 622 633 882 698; x_wconf 80' lang='lat' dir='ltr'>perniciosis</span> <span class='ocrx_word' id='word_1_70' title='bbox 906 649 1037 696; x_wconf 84' lang='lat' dir='ltr'>atque</span> <span class='ocrx_word' id='word_1_71' title='bbox 1063 634 1185 679; x_wconf 74' lang='lat' dir='ltr'>vitiis</span> <span class='ocrx_word' id='word_1_72' title='bbox 1208 634 1252 678; x_wconf 92' lang='lat' dir='ltr'>in</span> <span class='ocrx_word' id='word_1_73' title='bbox 1277 650 1515 679; x_wconf 85' lang='lat' dir='ltr'>numerum</span> <span class='ocrx_word' id='word_1_74' title='bbox 1530 635 1734 678; x_wconf 83' lang='lat' dir='ltr'>Deorum</span> <span class='ocrx_word' id='word_1_75' title='bbox 1761 631 1908 677; x_wconf 85' lang='lat' dir='ltr'>relatis</span> <span class='ocrx_word' id='word_1_76' title='bbox 1934 647 1998 676; x_wconf 84' lang='lat' dir='ltr'>ca-</span> 
     </span>
     <span class='ocr_line' id='line_1_10' title="bbox 62 698 1999 772; baseline -0.005 -19"><span class='ocrx_word' id='word_1_77' title='bbox 62 710 161 772; x_wconf 86' lang='lat' dir='ltr'>pitt.</span> <span class='ocrx_word' id='word_1_78' title='bbox 185 704 407 760; x_wconf 88' lang='lat' dir='ltr'>vndecim.</span> <span class='ocrx_word' id='word_1_79' title='bbox 472 720 474 723; x_wconf 65' lang='grc'>’</span> <span class='ocrx_word' id='word_1_80' title='bbox 511 700 652 749; x_wconf 87' lang='lat' dir='ltr'>Libro</span> <span class='ocrx_word' id='word_1_81' title='bbox 685 716 844 766; x_wconf 79' lang='lat' dir='ltr'>quarto</span> <span class='ocrx_word' id='word_1_82' title='bbox 876 701 931 747; x_wconf 87' lang='lat' dir='ltr'>de</span> <span class='ocrx_word' id='word_1_83' title='bbox 953 699 1120 757; x_wconf 46' lang='lat' dir='ltr'>Nosse,</span> <span class='ocrx_word' id='word_1_84' title='bbox 1159 701 1302 763; x_wconf 81' lang='lat' dir='ltr'>deque</span> <span class='ocrx_word' id='word_1_85' title='bbox 1325 698 1692 755; x_wconf 60' lang='lat' dir='ltr'>DiisnosiurniS,</span> <span class='ocrx_word' id='word_1_86' title='bbox 1733 699 1787 745; x_wconf 88' lang='lat' dir='ltr'>de</span> <span class='ocrx_word' id='word_1_87' title='bbox 1809 699 1999 755; x_wconf 84' lang='lat' dir='ltr'>Mithra,</span> 
     </span>
     <span class='ocr_line' id='line_1_11' title="bbox 66 768 2000 835; baseline -0.004 -17"><span class='ocrx_word' id='word_1_88' title='bbox 66 777 122 822; x_wconf 87' lang='lat' dir='ltr'>de</span> <span class='ocrx_word' id='word_1_89' title='bbox 141 772 409 835; x_wconf 81' lang='lat' dir='ltr'>Nymphis,</span> <span class='ocrx_word' id='word_1_90' title='bbox 448 769 702 824; x_wconf 84' lang='lat' dir='ltr'>Sirenibus,</span> <span class='ocrx_word' id='word_1_91' title='bbox 741 769 899 832; x_wconf 73' lang='lat' dir='ltr'>Scylla,</span> <span class='ocrx_word' id='word_1_92' title='bbox 935 769 1166 816; x_wconf 78' lang='lat' dir='ltr'>Centauris</span> <span class='ocrx_word' id='word_1_93' title='bbox 1193 768 1377 831; x_wconf 83' lang='lat' dir='ltr'>aliisque</span> <span class='ocrx_word' id='word_1_94' title='bbox 1411 768 1562 814; x_wconf 85' lang='lat' dir='ltr'>multis</span> <span class='ocrx_word' id='word_1_95' title='bbox 1599 770 1880 814; x_wconf 87' lang='lat' dir='ltr'>Graecorum</span> <span class='ocrx_word' id='word_1_96' title='bbox 1910 769 2000 811; x_wconf 88' lang='lat' dir='ltr'>Ro-</span> 
     </span>
     <span class='ocr_line' id='line_1_12' title="bbox 31 833 1999 901; baseline -0.005 -14"><span class='ocrx_word' id='word_1_97' title='bbox 31 886 34 887; x_wconf 27' lang='lat'>.</span> <span class='ocrx_word' id='word_1_98' title='bbox 66 855 397 901; x_wconf 75' lang='lat' dir='ltr'>manorumque</span> <span class='ocrx_word' id='word_1_99' title='bbox 417 839 516 884; x_wconf 85' lang='lat' dir='ltr'>Diis</span> <span class='ocrx_word' id='word_1_100' title='bbox 544 839 689 901; x_wconf 88' lang='lat' dir='ltr'>capitt.</span> <span class='ocrx_word' id='word_1_101' title='bbox 714 837 968 884; x_wconf 77' lang='lat' dir='ltr'>duodecim.</span> <span class='ocrx_word' id='word_1_102' title='bbox 1037 840 1083 882; x_wconf 93' lang='lat' dir='ltr'>T</span> <span class='ocrx_word' id='word_1_103' title='bbox 1088 838 1182 882; x_wconf 87' lang='lat' dir='ltr'>omi</span> <span class='ocrx_word' id='word_1_104' title='bbox 1195 833 1383 882; x_wconf 29' lang='lat' dir='ltr'>*secundi</span> <span class='ocrx_word' id='word_1_105' title='bbox 1404 837 1540 881; x_wconf 86' lang='lat' dir='ltr'>Partis</span> <span class='ocrx_word' id='word_1_106' title='bbox 1567 836 1739 898; x_wconf 85' lang='lat' dir='ltr'>primae</span> <span class='ocrx_word' id='word_1_107' title='bbox 1761 833 1878 880; x_wconf 89' lang='lat' dir='ltr'>libro</span> <span class='ocrx_word' id='word_1_108' title='bbox 1908 834 1999 897; x_wconf 75' lang='lat' dir='ltr'>pri·</span> 
     </span>
     <span class='ocr_line' id='line_1_13' title="bbox 61 902 1999 968; baseline -0.005 -12"><span class='ocrx_word' id='word_1_109' title='bbox 61 925 138 956; x_wconf 88' lang='lat' dir='ltr'>mo</span> <span class='ocrx_word' id='word_1_110' title='bbox 159 904 446 954; x_wconf 75' lang='lat' dir='ltr'>recensemur</span> <span class='ocrx_word' id='word_1_111' title='bbox 467 905 724 952; x_wconf 80' lang='lat' dir='ltr'>Sacerdotes</span> <span class='ocrx_word' id='word_1_112' title='bbox 750 920 792 951; x_wconf 92' lang='lat' dir='ltr'>et</span> <span class='ocrx_word' id='word_1_113' title='bbox 823 902 1014 950; x_wconf 85' lang='lat' dir='ltr'>ministri</span> <span class='ocrx_word' id='word_1_114' title='bbox 1049 908 1287 951; x_wconf 82' lang='lat' dir='ltr'>Sacrorum</span> <span class='ocrx_word' id='word_1_115' title='bbox 1321 904 1441 968; x_wconf 85' lang='lat' dir='ltr'>apud</span> <span class='ocrx_word' id='word_1_116' title='bbox 1472 906 1668 950; x_wconf 86' lang='lat' dir='ltr'>Graecos</span> <span class='ocrx_word' id='word_1_117' title='bbox 1699 917 1741 949; x_wconf 88' lang='lat' dir='ltr'>et</span> <span class='ocrx_word' id='word_1_118' title='bbox 1771 905 1999 948; x_wconf 82' lang='lat' dir='ltr'>Romanos</span> 
     </span>
     <span class='ocr_line' id='line_1_14' title="bbox 59 968 2000 1039; baseline -0.004 -17"><span class='ocrx_word' id='word_1_119' title='bbox 59 992 185 1039; x_wconf 87' lang='lat' dir='ltr'>capp.</span> <span class='ocrx_word' id='word_1_120' title='bbox 210 975 378 1024; x_wconf 86' lang='lat' dir='ltr'>decem.</span> <span class='ocrx_word' id='word_1_121' title='bbox 448 973 590 1020; x_wconf 89' lang='lat' dir='ltr'>Libro</span> <span class='ocrx_word' id='word_1_122' title='bbox 614 970 807 1031; x_wconf 84' lang='lat' dir='ltr'>secundo</span> <span class='ocrx_word' id='word_1_123' title='bbox 832 973 1026 1037; x_wconf 84' lang='lat' dir='ltr'>Templa</span> <span class='ocrx_word' id='word_1_124' title='bbox 1049 989 1175 1036; x_wconf 86' lang='lat' dir='ltr'>capp.</span> <span class='ocrx_word' id='word_1_125' title='bbox 1200 973 1364 1033; x_wconf 82' lang='lat' dir='ltr'>viginti</span> <span class='ocrx_word' id='word_1_126' title='bbox 1390 968 1508 1017; x_wconf 59' lang='lat' dir='ltr'>osio.</span> <span class='ocrx_word' id='word_1_127' title='bbox 1578 969 1719 1016; x_wconf 91' lang='lat' dir='ltr'>Libro</span> <span class='ocrx_word' id='word_1_128' title='bbox 1744 971 2000 1033; x_wconf 78' lang='lat' dir='ltr'>tertioarae,</span> 
     </span>
     <span class='ocr_line' id='line_1_15' title="bbox 60 1034 2000 1105; baseline -0.004 -15"><span class='ocrx_word' id='word_1_129' title='bbox 60 1042 354 1090; x_wconf 83' lang='lat' dir='ltr'>instrumenta</span> <span class='ocrx_word' id='word_1_130' title='bbox 375 1038 492 1088; x_wconf 81' lang='lat' dir='ltr'>sacra</span> <span class='ocrx_word' id='word_1_131' title='bbox 513 1056 555 1089; x_wconf 90' lang='lat' dir='ltr'>et</span> <span class='ocrx_word' id='word_1_132' title='bbox 578 1038 786 1087; x_wconf 80' lang='lat' dir='ltr'>sacrificia</span> <span class='ocrx_word' id='word_1_133' title='bbox 809 1058 933 1105; x_wconf 82' lang='lat' dir='ltr'>capp.</span> <span class='ocrx_word' id='word_1_134' title='bbox 959 1041 1275 1087; x_wconf 86' lang='lat' dir='ltr'>nouendecim.</span> <span class='ocrx_word' id='word_1_135' title='bbox 1377 1038 1520 1086; x_wconf 87' lang='lat' dir='ltr'>Libro</span> <span class='ocrx_word' id='word_1_136' title='bbox 1545 1053 1701 1101; x_wconf 88' lang='lat' dir='ltr'>quarto</span> <span class='ocrx_word' id='word_1_137' title='bbox 1734 1034 1840 1084; x_wconf 85' lang='lat' dir='ltr'>festa</span> <span class='ocrx_word' id='word_1_138' title='bbox 1861 1040 2000 1084; x_wconf 85' lang='lat' dir='ltr'>Grae-</span> 
     </span>
     <span class='ocr_line' id='line_1_16' title="bbox 60 1104 1999 1173; baseline -0.004 -16"><span class='ocrx_word' id='word_1_139' title='bbox 60 1119 218 1158; x_wconf 85' lang='lat' dir='ltr'>cor&#39;um</span> <span class='ocrx_word' id='word_1_140' title='bbox 246 1112 649 1172; x_wconf 85' lang='lat' dir='ltr'>Romanorumque</span> <span class='ocrx_word' id='word_1_141' title='bbox 661 1126 671 1165; x_wconf 66' lang='grc' dir='ltr'><em>ς</em></span> <span class='ocrx_word' id='word_1_142' title='bbox 700 1106 1061 1173; x_wconf 78' lang='lat' dir='ltr'>supplicationes,</span> <span class='ocrx_word' id='word_1_143' title='bbox 1094 1108 1383 1163; x_wconf 85' lang='lat' dir='ltr'>deuotiones;</span> <span class='ocrx_word' id='word_1_144' title='bbox 1421 1108 1627 1169; x_wconf 87' lang='lat' dir='ltr'>itemque</span> <span class='ocrx_word' id='word_1_145' title='bbox 1653 1120 1773 1163; x_wconf 81' lang='lat' dir='ltr'>vota,</span> <span class='ocrx_word' id='word_1_146' title='bbox 1807 1104 1999 1155; x_wconf 85' lang='lat' dir='ltr'>oracula,</span> 
     </span>
     <span class='ocr_line' id='line_1_17' title="bbox 47 1171 2000 1241; baseline -0.004 -16"><span class='ocrx_word' id='word_1_147' title='bbox 47 1176 256 1236; x_wconf 62' lang='lat' dir='ltr'>fanatici,</span> <span class='ocrx_word' id='word_1_148' title='bbox 294 1175 534 1238; x_wconf 83' lang='lat' dir='ltr'>sortilegia,</span> <span class='ocrx_word' id='word_1_149' title='bbox 572 1175 844 1241; x_wconf 86' lang='lat' dir='ltr'>praestigiae,</span> <span class='ocrx_word' id='word_1_150' title='bbox 869 1177 1036 1222; x_wconf 85' lang='lat' dir='ltr'>&#39;omina</span> <span class='ocrx_word' id='word_1_151' title='bbox 1073 1192 1198 1240; x_wconf 83' lang='lat' dir='ltr'>capp.</span> <span class='ocrx_word' id='word_1_152' title='bbox 1233 1175 1461 1222; x_wconf 81' lang='lat' dir='ltr'>vndecim.</span> <span class='ocrx_word' id='word_1_153' title='bbox 1537 1175 1676 1221; x_wconf 87' lang='lat' dir='ltr'>Partis</span> <span class='ocrx_word' id='word_1_154' title='bbox 1706 1171 1920 1219; x_wconf 80' lang='lat' dir='ltr'>secundae</span> <span class='ocrx_word' id='word_1_155' title='bbox 1953 1171 2000 1217; x_wconf 86' lang='lat' dir='ltr'>li-</span> 
     </span>
     <span class='ocr_line' id='line_1_18' title="bbox 57 1237 1995 1310; baseline -0.005 -17"><span class='ocrx_word' id='word_1_156' title='bbox 57 1246 143 1293; x_wconf 87' lang='lat' dir='ltr'>bro</span> <span class='ocrx_word' id='word_1_157' title='bbox 167 1247 319 1310; x_wconf 86' lang='lat' dir='ltr'>primo</span> <span class='ocrx_word' id='word_1_158' title='bbox 342 1247 488 1307; x_wconf 83' lang='lat' dir='ltr'>agitur</span> <span class='ocrx_word' id='word_1_159' title='bbox 513 1245 568 1291; x_wconf 89' lang='lat' dir='ltr'>de</span> <span class='ocrx_word' id='word_1_160' title='bbox 589 1244 812 1305; x_wconf 86' lang='lat' dir='ltr'>religione</span> <span class='ocrx_word' id='word_1_161' title='bbox 836 1246 1173 1308; x_wconf 84' lang='lat' dir='ltr'>Aegyptiorum</span> <span class='ocrx_word' id='word_1_162' title='bbox 1196 1260 1320 1307; x_wconf 85' lang='lat' dir='ltr'>capp.</span> <span class='ocrx_word' id='word_1_163' title='bbox 1344 1243 1508 1305; x_wconf 84' lang='lat' dir='ltr'>viginti</span> <span class='ocrx_word' id='word_1_164' title='bbox 1626 1241 1766 1288; x_wconf 85' lang='lat' dir='ltr'>Libro</span> <span class='ocrx_word' id='word_1_165' title='bbox 1799 1237 1995 1287; x_wconf 85' lang='lat' dir='ltr'>secundo</span> 
     </span>
     <span class='ocr_line' id='line_1_19' title="bbox 60 1304 1999 1376; baseline -0.005 -16"><span class='ocrx_word' id='word_1_166' title='bbox 60 1314 116 1362; x_wconf 93' lang='lat' dir='ltr'>de</span> <span class='ocrx_word' id='word_1_167' title='bbox 143 1311 291 1372; x_wconf 76' lang='lat' dir='ltr'>mensa</span> <span class='ocrx_word' id='word_1_168' title='bbox 317 1311 460 1371; x_wconf 83' lang='lat' dir='ltr'>Isiaca,</span> <span class='ocrx_word' id='word_1_169' title='bbox 498 1312 553 1360; x_wconf 88' lang='lat' dir='ltr'>de</span> <span class='ocrx_word' id='word_1_170' title='bbox 575 1312 671 1358; x_wconf 88' lang='lat' dir='ltr'>aliis</span> <span class='ocrx_word' id='word_1_171' title='bbox 696 1312 856 1358; x_wconf 84' lang='lat' dir='ltr'>tabulis</span> <span class='ocrx_word' id='word_1_172' title='bbox 889 1314 1191 1376; x_wconf 81' lang='lat' dir='ltr'>Aegyptiacis,</span> <span class='ocrx_word' id='word_1_173' title='bbox 1222 1312 1277 1357; x_wconf 92' lang='lat' dir='ltr'>de</span> <span class='ocrx_word' id='word_1_174' title='bbox 1303 1304 1615 1358; x_wconf 74' lang='lat' dir='ltr'>Sacerdotibus</span> <span class='ocrx_word' id='word_1_175' title='bbox 1648 1310 1999 1372; x_wconf 73' lang='lat' dir='ltr'>Aegyptiorum,</span> 
     </span>
     <span class='ocr_line' id='line_1_20' title="bbox 62 1373 2007 1442; baseline -0.004 -15"><span class='ocrx_word' id='word_1_176' title='bbox 62 1381 210 1442; x_wconf 85' lang='lat' dir='ltr'>deque</span> <span class='ocrx_word' id='word_1_177' title='bbox 255 1381 414 1426; x_wconf 82' lang='lat' dir='ltr'>ceteris</span> <span class='ocrx_word' id='word_1_178' title='bbox 446 1378 511 1423; x_wconf 72' lang='lat' dir='ltr'>ad‘</span> <span class='ocrx_word' id='word_1_179' title='bbox 550 1379 735 1424; x_wconf 84' lang='lat' dir='ltr'>cultum</span> <span class='ocrx_word' id='word_1_180' title='bbox 759 1377 995 1432; x_wconf 80' lang='lat' dir='ltr'>sacrorum</span> <span class='ocrx_word' id='word_1_181' title='bbox 1034 1380 1152 1442; x_wconf 87' lang='lat' dir='ltr'>apud</span> <span class='ocrx_word' id='word_1_182' title='bbox 1189 1380 1443 1442; x_wconf 80' lang='lat' dir='ltr'>Aegyptios</span> <span class='ocrx_word' id='word_1_183' title='bbox 1485 1376 1835 1441; x_wconf 85' lang='lat' dir='ltr'>pcrtinentibus,</span> <span class='ocrx_word' id='word_1_184' title='bbox 1873 1373 2007 1437; x_wconf 72' lang='lat' dir='ltr'>capp.¹</span> 
     </span>
     <span class='ocr_line' id='line_1_21' title="bbox 61 1442 2000 1511; baseline -0.003 -18"><span class='ocrx_word' id='word_1_185' title='bbox 61 1444 248 1511; x_wconf 85' lang='lat' dir='ltr'>septem.</span> <span class='ocrx_word' id='word_1_186' title='bbox 318 1444 459 1492; x_wconf 88' lang='lat' dir='ltr'>Libro</span> <span class='ocrx_word' id='word_1_187' title='bbox 482 1446 613 1490; x_wconf 87' lang='lat' dir='ltr'>tertio</span> <span class='ocrx_word' id='word_1_188' title='bbox 635 1460 926 1508; x_wconf 70' lang='lat' dir='ltr'>exponuntur</span> <span class='ocrx_word' id='word_1_189' title='bbox 951 1443 1120 1506; x_wconf 83' lang='lat' dir='ltr'>figurae</span> <span class='ocrx_word' id='word_1_190' title='bbox 1135 1443 1364 1491; x_wconf 83' lang='lat' dir='ltr'>Abraxeae</span> <span class='ocrx_word' id='word_1_191' title='bbox 1389 1461 1512 1508; x_wconf 84' lang='lat' dir='ltr'>capp.</span> <span class='ocrx_word' id='word_1_192' title='bbox 1529 1443 1648 1491; x_wconf 66' lang='grc' dir='ltr'>οξὶο.</span> <span class='ocrx_word' id='word_1_193' title='bbox 1706 1442 1860 1489; x_wconf 77' lang='lat' dir='ltr'>&#39;Libro</span> <span class='ocrx_word' id='word_1_194' title='bbox 1875 1458 2000 1505; x_wconf 83' lang='lat' dir='ltr'>quar·</span> 
     </span>
     <span class='ocr_line' id='line_1_22' title="bbox 61 1506 1999 1575; baseline -0.003 -15"><span class='ocrx_word' id='word_1_195' title='bbox 61 1530 109 1560; x_wconf 88' lang='lat' dir='ltr'>to</span> <span class='ocrx_word' id='word_1_196' title='bbox 135 1508 422 1560; x_wconf 87' lang='lat' dir='ltr'>recensentur</span> <span class='ocrx_word' id='word_1_197' title='bbox 456 1513 534 1557; x_wconf 91' lang='lat' dir='ltr'>Dii</span> <span class='ocrx_word' id='word_1_198' title='bbox 567 1510 782 1564; x_wconf 82' lang='lat' dir='ltr'>Arabum,</span> <span class='ocrx_word' id='word_1_199' title='bbox 819 1511 1116 1575; x_wconf 82' lang='lat' dir='ltr'>Aethiopum,</span> <span class='ocrx_word' id='word_1_200' title='bbox 1150 1512 1443 1567; x_wconf 82' lang='lat' dir='ltr'>Phoenicum,</span> <span class='ocrx_word' id='word_1_201' title='bbox 1484 1514 1718 1574; x_wconf 75' lang='lat' dir='ltr'>Syrorum,</span> <span class='ocrx_word' id='word_1_202' title='bbox 1755 1506 1999 1561; x_wconf 85' lang='lat' dir='ltr'>Persarum,</span> 
     </span>
     <span class='ocr_line' id='line_1_23' title="bbox 60 1574 1999 1644; baseline -0.004 -16"><span class='ocrx_word' id='word_1_203' title='bbox 60 1581 331 1644; x_wconf 85' lang='lat' dir='ltr'>Scytharum</span> <span class='ocrx_word' id='word_1_204' title='bbox 357 1595 399 1626; x_wconf 91' lang='lat' dir='ltr'>et</span> <span class='ocrx_word' id='word_1_205' title='bbox 419 1581 757 1626; x_wconf 83' lang='lat' dir='ltr'>Germanorum</span> <span class='ocrx_word' id='word_1_206' title='bbox 786 1594 909 1642; x_wconf 84' lang='lat' dir='ltr'>capp.</span> <span class='ocrx_word' id='word_1_207' title='bbox 934 1579 1103 1626; x_wconf 86' lang='lat' dir='ltr'>decem.</span> <span class='ocrx_word' id='word_1_208' title='bbox 1207 1578 1349 1625; x_wconf 86' lang='lat' dir='ltr'>Libro</span> <span class='ocrx_word' id='word_1_209' title='bbox 1387 1579 1544 1642; x_wconf 83' lang='lat' dir='ltr'>quinto</span> <span class='ocrx_word' id='word_1_210' title='bbox 1577 1574 1799 1633; x_wconf 66' lang='lat' dir='ltr'>disseritur</span> <span class='ocrx_word' id='word_1_211' title='bbox 1824 1575 1999 1622; x_wconf 89' lang='lat' dir='ltr'>dereli-</span> 
     </span>
     <span class='ocr_line' id='line_1_24' title="bbox 0 1641 2002 1711; baseline -0.002 -17"><span class='ocrx_word' id='word_1_212' title='bbox 0 1692 2 1698; x_wconf 70' lang='grc'><strong>,</strong></span> <span class='ocrx_word' id='word_1_213' title='bbox 60 1651 195 1711; x_wconf 84' lang='lat' dir='ltr'>gione</span> <span class='ocrx_word' id='word_1_214' title='bbox 218 1662 424 1694; x_wconf 88' lang='lat' dir='ltr'>veterum</span> <span class='ocrx_word' id='word_1_215' title='bbox 447 1645 700 1698; x_wconf 84' lang='lat' dir='ltr'>Gallorum,</span> <span class='ocrx_word' id='word_1_216' title='bbox 738 1643 1050 1709; x_wconf 77' lang='lat' dir='ltr'>Hispanorum</span> <span class='ocrx_word' id='word_1_217' title='bbox 1075 1641 1117 1692; x_wconf 84' lang='lat' dir='ltr'>e‘t</span> <span class='ocrx_word' id='word_1_218' title='bbox 1137 1645 1565 1707; x_wconf 78' lang='lat' dir='ltr'>Carthaginiensium</span> <span class='ocrx_word' id='word_1_219' title='bbox 1579 1641 1836 1708; x_wconf 70' lang='lat' dir='ltr'>cap&#39;p.09co.</span> <span class='ocrx_word' id='word_1_220' title='bbox 1907 1647 2002 1689; x_wconf 90' lang='lat' dir='ltr'>To·</span> 
     </span>
     <span class='ocr_line' id='line_1_25' title="bbox 58 1712 1999 1778; baseline -0.005 -12.29"><span class='ocrx_word' id='word_1_221' title='bbox 58 1717 124 1763; x_wconf 88' lang='lat' dir='ltr'>mi</span> <span class='ocrx_word' id='word_1_222' title='bbox 147 1716 428 1763; x_wconf 83' lang='lat' dir='ltr'>tertii-Partis</span> <span class='ocrx_word' id='word_1_223' title='bbox 448 1715 623 1778; x_wconf 85' lang='lat' dir='ltr'>primae</span> <span class='ocrx_word' id='word_1_224' title='bbox 647 1712 765 1760; x_wconf 84' lang='lat' dir='ltr'>libro</span> <span class='ocrx_word' id='word_1_225' title='bbox 789 1715 940 1778; x_wconf 89' lang='lat' dir='ltr'>primo</span> <span class='ocrx_word' id='word_1_226' title='bbox 968 1716 1112 1776; x_wconf 84' lang='lat' dir='ltr'>agitur</span> <span class='ocrx_word' id='word_1_227' title='bbox 1132 1713 1188 1760; x_wconf 89' lang='lat' dir='ltr'>de</span> <span class='ocrx_word' id='word_1_228' title='bbox 1208 1712 1369 1760; x_wconf 87' lang='lat' dir='ltr'>vestitu</span> <span class='ocrx_word' id='word_1_229' title='bbox 1396 1716 1676 1760; x_wconf 86' lang='lat' dir='ltr'>Graecorum</span> <span class='ocrx_word' id='word_1_230' title='bbox 1707 1727 1749 1758; x_wconf 92' lang='lat' dir='ltr'>et</span> <span class='ocrx_word' id='word_1_231' title='bbox 1774 1714 1999 1757; x_wconf 86' lang='lat' dir='ltr'>Romano-</span> 
     </span>
     <span class='ocr_line' id='line_1_26' title="bbox 61 1778 2001 1848; baseline -0.003 -18.183"><span class='ocrx_word' id='word_1_232' title='bbox 61 1800 164 1830; x_wconf 89' lang='lat' dir='ltr'>rum</span> <span class='ocrx_word' id='word_1_233' title='bbox 187 1799 314 1848; x_wconf 86' lang='lat' dir='ltr'>capp.</span> <span class='ocrx_word' id='word_1_234' title='bbox 342 1781 696 1846; x_wconf 87' lang='lat' dir='ltr'>quatuordecim.</span> <span class='ocrx_word' id='word_1_235' title='bbox 766 1781 907 1829; x_wconf 88' lang='lat' dir='ltr'>Libro</span> <span class='ocrx_word' id='word_1_236' title='bbox 929 1779 1124 1829; x_wconf 89' lang='lat' dir='ltr'>secundo</span> <span class='ocrx_word' id='word_1_237' title='bbox 1149 1782 1205 1828; x_wconf 89' lang='lat' dir='ltr'>de</span> <span class='ocrx_word' id='word_1_238' title='bbox 1223 1780 1373 1828; x_wconf 85' lang='lat' dir='ltr'>fibulis</span> <span class='ocrx_word' id='word_1_239' title='bbox 1397 1781 1584 1844; x_wconf 81' lang='lat' dir='ltr'>aliisque</span> <span class='ocrx_word' id='word_1_240' title='bbox 1618 1780 1911 1844; x_wconf 82' lang='lat' dir='ltr'>ornamentis,</span> <span class='ocrx_word' id='word_1_241' title='bbox 1947 1778 2001 1824; x_wconf 89' lang='lat' dir='ltr'>de</span> 
     </span>
     <span class='ocr_line' id='line_1_27' title="bbox 5 1848 2003 1914; baseline -0.001 -21"><span class='ocrx_word' id='word_1_242' title='bbox 5 1878 8 1892; x_wconf 66' lang='lat'>2</span> <span class='ocrx_word' id='word_1_243' title='bbox 62 1850 230 1914; x_wconf 81' lang='lat' dir='ltr'>calceis,</span> <span class='ocrx_word' id='word_1_244' title='bbox 267 1852 323 1897; x_wconf 89' lang='lat' dir='ltr'>de</span> <span class='ocrx_word' id='word_1_245' title='bbox 347 1848 590 1898; x_wconf 83' lang='lat' dir='ltr'>infantium</span> <span class='ocrx_word' id='word_1_246' title='bbox 615 1866 957 1914; x_wconf 87' lang='lat' dir='ltr'>puerorumque</span> <span class='ocrx_word' id='word_1_247' title='bbox 990 1848 1201 1903; x_wconf 85' lang='lat' dir='ltr'>vestibus,</span> <span class='ocrx_word' id='word_1_248' title='bbox 1243 1850 1388 1913; x_wconf 78' lang='lat' dir='ltr'>deque</span> <span class='ocrx_word' id='word_1_249' title='bbox 1417 1849 1665 1899; x_wconf 84' lang='lat' dir='ltr'>ceterarum</span> <span class='ocrx_word' id='word_1_250' title='bbox 1696 1849 1903 1895; x_wconf 90' lang='lat' dir='ltr'>omnium</span> <span class='ocrx_word' id='word_1_251' title='bbox 1931 1863 2003 1900; x_wconf 83' lang='lat' dir='ltr'>na-</span> 
     </span>
     <span class='ocr_line' id='line_1_28' title="bbox 64 1915 2002 1982; baseline -0.002 -18"><span class='ocrx_word' id='word_1_252' title='bbox 64 1919 248 1967; x_wconf 88' lang='lat' dir='ltr'>tionum</span> <span class='ocrx_word' id='word_1_253' title='bbox 270 1917 562 1971; x_wconf 84' lang='lat' dir='ltr'>vestimentis,</span> <span class='ocrx_word' id='word_1_254' title='bbox 599 1934 726 1982; x_wconf 87' lang='lat' dir='ltr'>capp.</span> <span class='ocrx_word' id='word_1_255' title='bbox 745 1932 816 1976; x_wconf 88' lang='lat'>19.</span> <span class='ocrx_word' id='word_1_256' title='bbox 892 1916 1031 1964; x_wconf 89' lang='lat' dir='ltr'>Liber</span> <span class='ocrx_word' id='word_1_257' title='bbox 1051 1920 1207 1964; x_wconf 84' lang='lat' dir='ltr'>tertius</span> <span class='ocrx_word' id='word_1_258' title='bbox 1233 1915 1550 1982; x_wconf 65' lang='lat' dir='ltr'>complethitur</span> <span class='ocrx_word' id='word_1_259' title='bbox 1574 1917 1736 1963; x_wconf 85' lang='lat' dir='ltr'>domos</span> <span class='ocrx_word' id='word_1_260' title='bbox 1768 1917 2002 1978; x_wconf 85' lang='lat' dir='ltr'>variasque</span> 
     </span>
     <span class='ocr_line' id='line_1_29' title="bbox 64 1982 1997 2051; baseline 0.001 -21"><span class='ocrx_word' id='word_1_261' title='bbox 64 2001 213 2031; x_wconf 86' lang='lat' dir='ltr'>earum</span> <span class='ocrx_word' id='word_1_262' title='bbox 239 1983 398 2049; x_wconf 80' lang='lat' dir='ltr'>partes,</span> <span class='ocrx_word' id='word_1_263' title='bbox 434 1983 757 2050; x_wconf 62' lang='lat' dir='ltr'>supellesiilem</span> <span class='ocrx_word' id='word_1_264' title='bbox 785 1985 975 2039; x_wconf 85' lang='lat' dir='ltr'>aedium,</span> <span class='ocrx_word' id='word_1_265' title='bbox 1011 1986 1218 2039; x_wconf 82' lang='lat' dir='ltr'>triclinia,</span> <span class='ocrx_word' id='word_1_266' title='bbox 1254 1982 1452 2033; x_wconf 81' lang='lat' dir='ltr'>mensam</span> <span class='ocrx_word' id='word_1_267' title='bbox 1481 1999 1611 2051; x_wconf 87' lang='lat' dir='ltr'>atque</span> <span class='ocrx_word' id='word_1_268' title='bbox 1628 1984 1756 2032; x_wconf 82' lang='lat' dir='ltr'>villas</span> <span class='ocrx_word' id='word_1_269' title='bbox 1771 2000 1897 2049; x_wconf 87' lang='lat' dir='ltr'>capp.</span> <span class='ocrx_word' id='word_1_270' title='bbox 1925 1985 1997 2031; x_wconf 87' lang='lat'>16.</span> 
     </span>
     <span class='ocr_line' id='line_1_30' title="bbox 63 2049 2000 2116; baseline -0.002 -18"><span class='ocrx_word' id='word_1_271' title='bbox 63 2051 206 2098; x_wconf 77' lang='lat' dir='ltr'>Libro</span> <span class='ocrx_word' id='word_1_272' title='bbox 235 2068 392 2114; x_wconf 87' lang='lat' dir='ltr'>quart-o</span> <span class='ocrx_word' id='word_1_273' title='bbox 418 2050 704 2100; x_wconf 85' lang='lat' dir='ltr'>recensentur</span> <span class='ocrx_word' id='word_1_274' title='bbox 729 2049 1041 2100; x_wconf 80' lang='lat' dir='ltr'>vasacuiusuis</span> <span class='ocrx_word' id='word_1_275' title='bbox 1064 2055 1254 2116; x_wconf 79' lang='lat' dir='ltr'>generiS‚</span> <span class='ocrx_word' id='word_1_276' title='bbox 1292 2051 1536 2106; x_wconf 85' lang='lat' dir='ltr'>mensurae,</span> <span class='ocrx_word' id='word_1_277' title='bbox 1568 2070 1612 2099; x_wconf 83' lang='lat' dir='ltr'>as</span> <span class='ocrx_word' id='word_1_278' title='bbox 1635 2054 1818 2115; x_wconf 82' lang='lat' dir='ltr'>eiusque</span> <span class='ocrx_word' id='word_1_279' title='bbox 1839 2066 2000 2115; x_wconf 83' lang='lat' dir='ltr'>partes,</span> 
     </span>
     <span class='ocr_line' id='line_1_31' title="bbox 63 2117 2000 2186; baseline -0.001 -22"><span class='ocrx_word' id='word_1_280' title='bbox 63 2133 287 2176; x_wconf 84' lang='lat' dir='ltr'>monetae,</span> <span class='ocrx_word' id='word_1_281' title='bbox 321 2121 522 2183; x_wconf 87' lang='lat' dir='ltr'>pondera</span> <span class='ocrx_word' id='word_1_282' title='bbox 542 2138 667 2186; x_wconf 84' lang='lat' dir='ltr'>capp.</span> <span class='ocrx_word' id='word_1_283' title='bbox 694 2122 926 2170; x_wconf 87' lang='lat' dir='ltr'>tredecim.</span> <span class='ocrx_word' id='word_1_284' title='bbox 997 2121 1136 2168; x_wconf 85' lang='lat' dir='ltr'>Liber</span> <span class='ocrx_word' id='word_1_285' title='bbox 1154 2123 1337 2186; x_wconf 85' lang='lat' dir='ltr'>quintus</span> <span class='ocrx_word' id='word_1_286' title='bbox 1367 2118 1684 2186; x_wconf 64' lang='lat' dir='ltr'>complesiitur</span> <span class='ocrx_word' id='word_1_287' title='bbox 1714 2117 1883 2184; x_wconf 88' lang='lat' dir='ltr'>septem</span> <span class='ocrx_word' id='word_1_288' title='bbox 1918 2119 2000 2177; x_wconf 78' lang='lat' dir='ltr'>mi-</span> 
     </span>
     <span class='ocr_line' id='line_1_32' title="bbox 9 2185 1999 2255; baseline -0.003 -21"><span class='ocrx_word' id='word_1_289' title='bbox 9 2191 12 2194; x_wconf 75' lang='grc'>’</span> <span class='ocrx_word' id='word_1_290' title='bbox 64 2187 210 2234; x_wconf 82' lang='lat' dir='ltr'>racula</span> <span class='ocrx_word' id='word_1_291' title='bbox 232 2185 368 2240; x_wconf 75' lang='lat' dir='ltr'>orbis,</span> <span class='ocrx_word' id='word_1_292' title='bbox 404 2185 601 2234; x_wconf 78' lang='lat' dir='ltr'>aedificia</span> <span class='ocrx_word' id='word_1_293' title='bbox 621 2187 800 2252; x_wconf 87' lang='lat' dir='ltr'>publica</span> <span class='ocrx_word' id='word_1_294' title='bbox 820 2205 862 2235; x_wconf 93' lang='lat' dir='ltr'>et</span> <span class='ocrx_word' id='word_1_295' title='bbox 888 2186 1094 2253; x_wconf 83' lang='lat' dir='ltr'>symbola</span> <span class='ocrx_word' id='word_1_296' title='bbox 1125 2190 1286 2236; x_wconf 88' lang='lat' dir='ltr'>mundi</span> <span class='ocrx_word' id='word_1_297' title='bbox 1316 2192 1527 2255; x_wconf 80' lang='lat' dir='ltr'>partium,</span> <span class='ocrx_word' id='word_1_298' title='bbox 1561 2190 1818 2250; x_wconf 84' lang='lat' dir='ltr'>regionum,</span> <span class='ocrx_word' id='word_1_299' title='bbox 1855 2186 1999 2233; x_wconf 85' lang='lat' dir='ltr'>flumi-</span> 
     </span>
     <span class='ocr_line' id='line_1_33' title="bbox 65 2251 1997 2322; baseline -0.003 -21"><span class='ocrx_word' id='word_1_300' title='bbox 65 2271 175 2301; x_wconf 87' lang='lat' dir='ltr'>num</span> <span class='ocrx_word' id='word_1_301' title='bbox 202 2269 244 2301; x_wconf 86' lang='lat' dir='ltr'>et</span> <span class='ocrx_word' id='word_1_302' title='bbox 263 2253 448 2300; x_wconf 85' lang='lat' dir='ltr'>vrbium</span> <span class='ocrx_word' id='word_1_303' title='bbox 470 2271 595 2320; x_wconf 87' lang='lat' dir='ltr'>capp.</span> <span class='ocrx_word' id='word_1_304' title='bbox 616 2255 846 2304; x_wconf 75' lang='lat' dir='ltr'>vndecim.</span> <span class='ocrx_word' id='word_1_305' title='bbox 910 2259 1051 2304; x_wconf 83' lang='lat' dir='ltr'>Partis</span> <span class='ocrx_word' id='word_1_306' title='bbox 1083 2255 1299 2305; x_wconf 83' lang='lat' dir='ltr'>secundae</span> <span class='ocrx_word' id='word_1_307' title='bbox 1331 2257 1451 2305; x_wconf 91' lang='lat' dir='ltr'>libro</span> <span class='ocrx_word' id='word_1_308' title='bbox 1482 2258 1635 2322; x_wconf 81' lang='lat' dir='ltr'>prim-0</span> <span class='ocrx_word' id='word_1_309' title='bbox 1664 2257 1808 2317; x_wconf 84' lang='lat' dir='ltr'>agitur</span> <span class='ocrx_word' id='word_1_310' title='bbox 1838 2255 1891 2299; x_wconf 91' lang='lat' dir='ltr'>de</span> <span class='ocrx_word' id='word_1_311' title='bbox 1909 2251 1997 2298; x_wconf 87' lang='lat' dir='ltr'>bal·</span> 
     </span>
     <span class='ocr_line' id='line_1_34' title="bbox 64 2318 1995 2390; baseline -0.003 -21"><span class='ocrx_word' id='word_1_312' title='bbox 64 2323 179 2375; x_wconf 75' lang='lat' dir='ltr'>neis,</span> <span class='ocrx_word' id='word_1_313' title='bbox 216 2321 419 2374; x_wconf 84' lang='lat' dir='ltr'>thermis,</span> <span class='ocrx_word' id='word_1_314' title='bbox 444 2322 704 2377; x_wconf 79' lang='lat' dir='ltr'>connubiis,</span> <span class='ocrx_word' id='word_1_315' title='bbox 743 2324 932 2378; x_wconf 86' lang='lat' dir='ltr'>annulis,</span> <span class='ocrx_word' id='word_1_316' title='bbox 968 2323 1122 2387; x_wconf 85' lang='lat' dir='ltr'>figillis</span> <span class='ocrx_word' id='word_1_317' title='bbox 1143 2327 1292 2390; x_wconf 82' lang='lat' dir='ltr'>capitt.</span> <span class='ocrx_word' id='word_1_318' title='bbox 1313 2325 1567 2372; x_wconf 87' lang='lat' dir='ltr'>duodecim.</span> <span class='ocrx_word' id='word_1_319' title='bbox 1637 2323 1777 2371; x_wconf 87' lang='lat' dir='ltr'>Libro</span> <span class='ocrx_word' id='word_1_320' title='bbox 1801 2318 1995 2367; x_wconf 89' lang='lat' dir='ltr'>secundo</span> 
     </span>
     <span class='ocr_line' id='line_1_35' title="bbox 14 2387 1996 2456; baseline -0.003 -20"><span class='ocrx_word' id='word_1_321' title='bbox 14 2414 15 2417; x_wconf 39' lang='lat'>¹</span> <span class='ocrx_word' id='word_1_322' title='bbox 67 2389 122 2436; x_wconf 90' lang='lat' dir='ltr'>de</span> <span class='ocrx_word' id='word_1_323' title='bbox 142 2390 326 2435; x_wconf 82' lang='lat' dir='ltr'>theatris</span> <span class='ocrx_word' id='word_1_324' title='bbox 347 2405 390 2435; x_wconf 93' lang='lat' dir='ltr'>et</span> <span class='ocrx_word' id='word_1_325' title='bbox 424 2391 764 2453; x_wconf 83' lang='lat' dir='ltr'>amphitheatris</span> <span class='ocrx_word' id='word_1_326' title='bbox 787 2409 914 2456; x_wconf 86' lang='lat' dir='ltr'>capp.</span> <span class='ocrx_word' id='word_1_327' title='bbox 936 2392 1190 2440; x_wconf 86' lang='lat' dir='ltr'>duodecim.</span> <span class='ocrx_word' id='word_1_328' title='bbox 1259 2392 1402 2440; x_wconf 90' lang='lat' dir='ltr'>Libro</span> <span class='ocrx_word' id='word_1_329' title='bbox 1431 2394 1565 2439; x_wconf 83' lang='lat' dir='ltr'>tertio</span> <span class='ocrx_word' id='word_1_330' title='bbox 1601 2392 1655 2438; x_wconf 89' lang='lat' dir='ltr'>de</span> <span class='ocrx_word' id='word_1_331' title='bbox 1680 2389 1795 2434; x_wconf 86' lang='lat' dir='ltr'>ludis</span> <span class='ocrx_word' id='word_1_332' title='bbox 1824 2387 1996 2448; x_wconf 85' lang='lat' dir='ltr'>magnis</span> 
     </span>
     <span class='ocr_line' id='line_1_36' title="bbox 16 2452 2033 2525; baseline -0.002 -21"><span class='ocrx_word' id='word_1_333' title='bbox 16 2514 17 2518; x_wconf 10' lang='grc' dir='ltr'><strong>Ἰ</strong></span> <span class='ocrx_word' id='word_1_334' title='bbox 67 2460 361 2513; x_wconf 78' lang='lat' dir='ltr'>Graecorum,</span> <span class='ocrx_word' id='word_1_335' title='bbox 386 2456 453 2503; x_wconf 73' lang='lat' dir='ltr'>‘de</span> <span class='ocrx_word' id='word_1_336' title='bbox 475 2459 606 2503; x_wconf 89' lang='lat' dir='ltr'>Circo</span> <span class='ocrx_word' id='word_1_337' title='bbox 630 2474 672 2504; x_wconf 90' lang='lat' dir='ltr'>et</span> <span class='ocrx_word' id='word_1_338' title='bbox 697 2459 751 2506; x_wconf 88' lang='lat' dir='ltr'>de</span> <span class='ocrx_word' id='word_1_339' title='bbox 771 2461 970 2524; x_wconf 84' lang='lat' dir='ltr'>Pompis,</span> <span class='ocrx_word' id='word_1_340' title='bbox 1001 2477 1128 2525; x_wconf 86' lang='lat' dir='ltr'>capp.</span> <span class='ocrx_word' id='word_1_341' title='bbox 1150 2460 1376 2508; x_wconf 88' lang='lat' dir='ltr'>vndecim.</span> <span class='ocrx_word' id='word_1_342' title='bbox 1445 2460 1587 2507; x_wconf 88' lang='lat' dir='ltr'>Libro</span> <span class='ocrx_word' id='word_1_343' title='bbox 1608 2470 1766 2521; x_wconf 84' lang='lat' dir='ltr'>quarto</span> <span class='ocrx_word' id='word_1_344' title='bbox 1793 2454 1847 2501; x_wconf 80' lang='lat' dir='ltr'>de</span> <span class='ocrx_word' id='word_1_345' title='bbox 1879 2452 1998 2500; x_wconf 83' lang='lat' dir='ltr'>salta·</span> <span class='ocrx_word' id='word_1_346' title='bbox 2031 2506 2033 2508; x_wconf 31' lang='grc'><strong>,</strong></span> 
     </span>
     <span class='ocr_line' id='line_1_37' title="bbox 18 2522 1994 2593; baseline -0.002 -23"><span class='ocrx_word' id='word_1_347' title='bbox 18 2558 20 2564; x_wconf 85' lang='grc'>.</span> <span class='ocrx_word' id='word_1_348' title='bbox 66 2525 205 2578; x_wconf 89' lang='lat' dir='ltr'>tione,</span> <span class='ocrx_word' id='word_1_349' title='bbox 243 2524 298 2571; x_wconf 94' lang='lat' dir='ltr'>de</span> <span class='ocrx_word' id='word_1_350' title='bbox 320 2525 581 2572; x_wconf 83' lang='lat' dir='ltr'>naumachia</span> <span class='ocrx_word' id='word_1_351' title='bbox 601 2525 655 2571; x_wconf 91' lang='lat' dir='ltr'>de</span> <span class='ocrx_word' id='word_1_352' title='bbox 675 2540 839 2572; x_wconf 82' lang='lat' dir='ltr'>venatu</span> <span class='ocrx_word' id='word_1_353' title='bbox 862 2542 905 2573; x_wconf 91' lang='lat' dir='ltr'>et</span> <span class='ocrx_word' id='word_1_354' title='bbox 927 2527 982 2574; x_wconf 93' lang='lat' dir='ltr'>de</span> <span class='ocrx_word' id='word_1_355' title='bbox 1011 2526 1191 2593; x_wconf 86' lang='lat' dir='ltr'>piscatu,</span> <span class='ocrx_word' id='word_1_356' title='bbox 1228 2545 1355 2593; x_wconf 78' lang='lat' dir='ltr'>capp.</span> <span class='ocrx_word' id='word_1_357' title='bbox 1387 2528 1554 2572; x_wconf 89' lang='lat' dir='ltr'>decem.</span> <span class='ocrx_word' id='word_1_358' title='bbox 1661 2522 1803 2570; x_wconf 85' lang='lat' dir='ltr'>Libro</span> <span class='ocrx_word' id='word_1_359' title='bbox 1835 2523 1994 2587; x_wconf 89' lang='lat' dir='ltr'>quinto</span> 
     </span>
     <span class='ocr_line' id='line_1_38' title="bbox 20 2589 1994 2657; baseline -0.001 -20"><span class='ocrx_word' id='word_1_360' title='bbox 20 2634 21 2638; x_wconf 74' lang='grc'>,</span> <span class='ocrx_word' id='word_1_361' title='bbox 66 2591 124 2637; x_wconf 91' lang='lat' dir='ltr'>de</span> <span class='ocrx_word' id='word_1_362' title='bbox 144 2590 311 2638; x_wconf 82' lang='lat' dir='ltr'>artibus</span> <span class='ocrx_word' id='word_1_363' title='bbox 333 2590 422 2639; x_wconf 84' lang='lat' dir='ltr'>fiue</span> <span class='ocrx_word' id='word_1_364' title='bbox 443 2593 496 2640; x_wconf 90' lang='lat' dir='ltr'>de</span> <span class='ocrx_word' id='word_1_365' title='bbox 535 2590 842 2639; x_wconf 80' lang='lat' dir='ltr'>instrumentis</span> <span class='ocrx_word' id='word_1_366' title='bbox 865 2596 1049 2656; x_wconf 70' lang='lat' dir='ltr'>artium.</span> <span class='ocrx_word' id='word_1_367' title='bbox 1140 2590 1286 2641; x_wconf 89' lang='lat' dir='ltr'>Tomi</span> <span class='ocrx_word' id='word_1_368' title='bbox 1317 2595 1461 2657; x_wconf 82' lang='lat' dir='ltr'>quarti</span> <span class='ocrx_word' id='word_1_369' title='bbox 1493 2592 1631 2656; x_wconf 83' lang='lat' dir='ltr'>partis</span> <span class='ocrx_word' id='word_1_370' title='bbox 1671 2591 1844 2655; x_wconf 84' lang='lat' dir='ltr'>primae</span> <span class='ocrx_word' id='word_1_371' title='bbox 1875 2589 1994 2635; x_wconf 88' lang='lat' dir='ltr'>libro</span> 
     </span>
     <span class='ocr_line' id='line_1_39' title="bbox 21 2659 1995 2724; baseline 0 -21"><span class='ocrx_word' id='word_1_372' title='bbox 21 2698 23 2703; x_wconf 45' lang='lat'>.</span> <span class='ocrx_word' id='word_1_373' title='bbox 66 2659 220 2723; x_wconf 88' lang='lat' dir='ltr'>primo</span> <span class='ocrx_word' id='word_1_374' title='bbox 246 2661 391 2721; x_wconf 84' lang='lat' dir='ltr'>agitur</span> <span class='ocrx_word' id='word_1_375' title='bbox 413 2661 466 2707; x_wconf 92' lang='lat' dir='ltr'>de</span> <span class='ocrx_word' id='word_1_376' title='bbox 488 2660 682 2706; x_wconf 89' lang='lat' dir='ltr'>militum</span> <span class='ocrx_word' id='word_1_377' title='bbox 705 2659 892 2716; x_wconf 64' lang='lat' dir='ltr'>deleg’cu,</span> <span class='ocrx_word' id='word_1_378' title='bbox 929 2662 986 2710; x_wconf 86' lang='lat' dir='ltr'>de</span> <span class='ocrx_word' id='word_1_379' title='bbox 1008 2661 1128 2709; x_wconf 85' lang='lat' dir='ltr'>veste</span> <span class='ocrx_word' id='word_1_380' title='bbox 1154 2663 1352 2715; x_wconf 86' lang='lat' dir='ltr'>militari,</span> <span class='ocrx_word' id='word_1_381' title='bbox 1377 2660 1531 2724; x_wconf 73' lang='lat' dir='ltr'>deque</span> <span class='ocrx_word' id='word_1_382' title='bbox 1551 2660 1684 2706; x_wconf 84' lang='lat' dir='ltr'>armis</span> <span class='ocrx_word' id='word_1_383' title='bbox 1703 2659 1908 2723; x_wconf 87' lang='lat' dir='ltr'>peditum</span> <span class='ocrx_word' id='word_1_384' title='bbox 1925 2667 1995 2703; x_wconf 79' lang='lat' dir='ltr'>c&#39;u-</span> 
     </span>
     <span class='ocr_line' id='line_1_40' title="bbox 67 2725 1994 2794; baseline 0.001 -22"><span class='ocrx_word' id='word_1_385' title='bbox 67 2727 225 2793; x_wconf 83' lang='lat' dir='ltr'>iusque</span> <span class='ocrx_word' id='word_1_386' title='bbox 249 2729 441 2778; x_wconf 81' lang='lat' dir='ltr'>nationis</span> <span class='ocrx_word' id='word_1_387' title='bbox 463 2744 590 2794; x_wconf 82' lang='lat' dir='ltr'>capp.</span> <span class='ocrx_word' id='word_1_388' title='bbox 613 2727 843 2776; x_wconf 85' lang='lat' dir='ltr'>tredecim.</span> <span class='ocrx_word' id='word_1_389' title='bbox 945 2726 1315 2778; x_wconf 67' lang='lat' dir='ltr'>Librosecundo</span> <span class='ocrx_word' id='word_1_390' title='bbox 1346 2728 1404 2779; x_wconf 87' lang='lat' dir='ltr'>de</span> <span class='ocrx_word' id='word_1_391' title='bbox 1434 2743 1666 2784; x_wconf 82' lang='lat' dir='ltr'>armatura,</span> <span class='ocrx_word' id='word_1_392' title='bbox 1700 2725 1994 2786; x_wconf 75' lang='lat' dir='ltr'>vbifingulae</span> 
     </span>
    </p>

    <p class='ocr_par' dir='ltr' id='par_1_4' title="bbox 1129 2792 1991 2861">
     <span class='ocr_line' id='line_1_41' title="bbox 1129 2792 1991 2861; baseline -0.012 -13"><span class='ocrx_word' id='word_1_393' title='bbox 1129 2799 1172 2848; x_wconf 88' lang='lat' dir='ltr'>O</span> <span class='ocrx_word' id='word_1_394' title='bbox 1208 2799 1246 2861; x_wconf 69' lang='grc' dir='ltr'>3·Δ</span> <span class='ocrx_word' id='word_1_395' title='bbox 1858 2792 1991 2840; x_wconf 77' lang='lat' dir='ltr'>arma-</span> 
     </span>
    </p>
   </div>
  </div>
 </body>
</html>
