2263 3027
565 37 964 123 DEFVNERE
997 37 1092 92 ET
1136 35 1568 123 snpvrTvRA.
1873 105 1877 108 q
1933 54 2051 96 1021

87 166 235 218 verses
257 167 476 228 manieres
497 164 767 215 d’ensevelir
791 166 866 212 des
888 165 1124 220 Romanis,
1161 168 1303 214 Grecs
1324 178 1367 213 et
1392 177 1540 212 autres
1564 163 1740 212 nations
1762 176 1854 213 tant
1874 167 2048 214 ancien-

87 252 166 285 nes
189 254 276 300 que
298 235 559 289 modernes,
598 234 810 296 Lugduni
842 244 927 295 1ςὸ
944 248 978 280 1.
1004 250 1049 291 4.
1086 233 1265 282 Carolus
1290 233 1635 281 Bartholomaeus
1659 236 1823 281 Piazza
1856 234 1927 280 del
1949 232 2056 290 usm,

88 303 271 351 mistero
293 304 335 350 3<
358 304 574 351 antichita,
587 298 790 366 appresso
819 298 990 348 diverse
1015 302 1193 366 nazioni
1215 301 1285 348 de’
1301 302 1376 347 riti
1410 317 1434 348 e
1456 301 1713 349 ceremonie
1735 301 1839 348 nell'
1867 297 2044 364 esequie

88 388 115 419 e
137 369 331 419 funera'li
352 368 501 436 passati
521 371 544 433 εὶ
565 367 704 427 secoli
719 367 858 415 nostri
879 363 1140 425 Christieni‚
1162 371 1330 416 Romae
1350 383 1395 432 4.
1428 371 1543 416 Eliae
1564 371 1708 415 Amati
1732 372 1909 417 Lettera
1931 368 2044 415 delle

89 432 289 486 costume
309 439 355 485 di
376 436 561 504 sepelire
583 437 600 482 i
620 434 760 496 morti
797 453 914 501 appo
949 437 1012 498 gli
1047 435 1238 501 antichi,
1284 452 1308 483 e
1342 434 1386 483 se
1407 437 1576 501 fprimag
1600 435 1672 483 del
1691 439 1746 483 V.
1769 436 1924 494 Secolo
1956 437 1970 482 i
1995 433 2046 484 fi-

89 507 180 553 deli
203 507 373 568 goduto
393 503 587 553 aveffero
611 505 770 552 denti-0
794 504 835 551 le
860 501 1003 551 chiese
1025 505 1040 549 i
1061 501 1288 569 sepolcri‘?
1334 505 1382 550 in
1403 506 1496 551 eius
1518 502 1714 569 epistolis
1736 504 1880 551 italice
1910 503 2040 550 editis

91 578 276 622 Genuae
308 589 442 635 1714.
453 588 498 635 4.
517 589 617 637 pag.
636 588 746 632 329.
792 573 975 620 Cornelii
994 588 1077 619 van
1100 572 1315 618 Alkemade
1341 570 1595 633 Inleidinge
1625 585 1692 618 tot
1724 571 1802 619 het
1834 575 2043 619 Ceremo-

89 641 183 689 niel
215 658 271 688 en
301 642 356 689 de
383 640 737 703 Plegtigheyden
770 640 848 687 der
880 636 1230 701 begraafeniffen
1268 655 1323 684 en
1359 638 1438 685 der
1470 637 1823 704 Wapenkunde,
1852 638 2044 703 Delphis

93 724 237 769 1713.
263 717 303 764 8.
346 713 400 761 Β.
424 710 475 755 R.
505 708 784 754 Recherches
816 705 889 753 sur
918 707 957 753 la
988 707 1185 753 muniere
1208 705 1475 752 d'inhumer
1507 706 1584 754 des
1614 707 1820 764 anciens5
1854 703 2043 755 PiCtauii

96 788 185 837 173
193 790 239 832 9.
269 766 356 831 tzs
395 775 540 840 Angcli
569 778 744 821 Mariae
773 778 909 822 Riccii
939 772 1177 820 dissertatio
1203 773 1258 820 de
1291 770 1503 820 funerum
1540 775 1830 838 antiquorum
1865 772 2042 832 ritibus,

89 843 354 892 cadauerum
376 841 684 889 combustione
707 857 749 888 et
770 839 1021 906 sepultura,
1058 858 1169 903 quae
1198 839 1332 888 exstat
1363 842 1454 886 vol.
1480 844 1535 887 ΙΙ,
1568 842 1661 887 eius
1681 839 1842 888 differt.
1867 845 2042 887 Home-

88 911 216 957 ricar.
237 928 280 975 p.
295 918 403 968 258.
421 907 513 975 sqq.
547 914 673 958 Petri
691 912 738 955 E.
756 908 900 974 Lungh
923 906 1162 955 differtatio
1187 908 1242 954 de
1267 909 1391 953 vario
1413 905 1657 971 sepeliendi
1678 910 1792 964 ritu,
1826 908 2039 954 Holiniae

93 984 236 1037 1672.
284 978 382 1040 Iusti
400 980 569 1024 Cellarii
601 978 655 1025 de
676 979 860 1040 antiquo
881 973 1094 1022 funerum
1119 976 1234 1028 ritu,
1261 972 1453 1020 Helmst.
1482 979 1621 1029 1682.
1674 975 1871 1022 Martini
1891 976 2048 1020 Art-cidi

90 1046 254 1092 Florini
284 1045 338 1091 de
371 1043 592 1109 sepultura
615 1061 843 1096 veterum,
880 1043 1032 1090 Aboae
1060 1051 1200 1101 1695.-
1225 1050 1267 1098 8.
1319 1044 1374 1087 Ιο.
1399 1042 1568 1105 Resteliz·
1610 1041 1665 1088 de
1695 1039 1908 1106 sepulcris
1927 1058 2046 1089 vete=

89 1128 218 1166 rum,
245 1109 394 1178 Vpsal.
436 1129 571 1173 1703.
607 1122 649 1168 8.
719 1111 865 1173 Chrzst.
894 1115 1017 1158 (ἴσην.
1039 1112 1252 1155 friderici
1284 1109 1340 1155 de
1370 1125 1419 1155 re
1449 1106 1696 1162 funeraria,
1736 1113 1865 1155 lenae
1904 1125 2045 1171 1755·

87 1183 160 1234 De
187 1181 299 1225 Ioan.
325 1183 405 1225 Iac.
428 1177 633 1242 Bozffizrdi
652 1177 941 1226 Tra&atione
971 1178 1025 1227 de
1055 1173 1290 1223 funeribus
1324 1191 1367 1222 et
1398 1176 1536 1222 modo
1560 1174 1806 1241 sepeliendi
1826 1177 1944 1241 apud
1971 1193 2044 1222 an—

94 1249 246 1310 tiquos
267 1246 374 1293 vide
395 1244 582 1294 Observ.
602 1243 833 1295 Hallenses
866 1262 992 1292 tomo
1014 1248 1091 1291 IV.
1113 1261 1160 1308 p.
1196 1259 1264 1303 ις.
1336 1243 1538 1305 Thomasii
1567 1243 1799 1291 Porcacchz·
1826 1241 2046 1292 funeralia

93 1315 299 1376 antiqua,
333 1313 485 1361 Italiee
514 1315 629 1361 edita
657 1315 802 1361 lucem
840 1311 1137 1377 adspexerunt
1165 1313 1207 1356 V
1210 1325 1323 1357 enet.
1357 1324 1494 1373 1574.
1516 1307 1599 1359 fol.
1656 1311 1867 1372 Francisc'i
1894 1315 2045 1374 Pomey

91 1378 276 1428 Iesuitae
313 1380 511 1427 Libitina
540 1379 627 1427 siue
670 1382 724 1427 de
758 1378 993 1427 funeribus
1034 1380 1233 1443 epitome
1276 1378 1575 1433 eruditionis,
1627 1378 1801 1442 prodiit
1830 1379 2045 1440 Lugduni

96 1450 239 1505 1659.
265 1462 334 1495 12.
372 1445 544 1495 Conser
563 1448 883 1495 Bibliothecam
907 1445 1358 1494 Latino-Hebraicam
1376 1444 1653 1510 Imbonatip.
1672 1451 1776 1509 356.
1812 1447 2040 1494 Ioan.Guc-

93 1512 261 1564 nebault
281 1513 507 1562 diverfites
529 1515 604 1563 des
627 1517 904 1563 ceremonies
929 1512 1160 1561 observees
1182 1530 1266 1559 aux
1289 1510 1543 1577 sepulchres
1567 1515 1826 1567 anciennes,
1843 1514 2044 1573 Diuione

99 1587 242 1632 1621.
262 1597 306 1644 4.
346 1584 402 1629 10.
429 1583 676 1630 2Mauritius
692 1618 703 1637 ‚
739 1584 817 1647 qui
838 1600 892 1630 ex
912 1586 1114 1628 Romana
1134 1579 1324 1627 Ecclesia
1354 1581 1407 1626 ad
1427 1576 1734 1628 Reformatam'
1758 1581 1951 1635 transiit,
1988 1580 2045 1626 li-

92 1649 179 1695 bro
201 1648 376 1708 Belgice
398 1649 543 1703 edito,
580 1666 670 1713 quo
691 1651 921 1715 promittit
941 1652 1008 1696 ius
1030 1665 1073 1696 et
1101 1645 1230 1707 vsum
1251 1646 1561 1712 sepulcrorum
1584 1666 1631 1696 ac
1653 1646 1903 1713 sepulturae
1923 1646 2043 1712 apud

95 1730 267 1762 veteres
287 1733 334 1762 ac
355 1732 554 1764 recentes
575 1716 780 1770 vlitatum
804 1734 1055 1782 exponere,
1096 1730 1268 1762 tantum
1292 1713 1491 1762 versatur
1512 1717 1560 1762 in
1596 1716 1867 1778 exagitandis
1885 1716 2044 1779 Ponti·

95 1781 303 1837 ficiorum
325 1784 527 1841 iniuriis,
565 1784 727 1848 quibus
752 1787 798 1832 in
821 1802 1001 1838 eorum,
1039 1800 1152 1847 quos
1176 1784 1421 1835 haereticos
1442 1781 1526 1830 esse
1551 1797 1735 1848 putant,
1771 1783 1980 1831 cadauera
2003 1796 2047 1829 et

98 1849 305 1911 reliquias
337 1849 593 1912 grass'antur.
661 1853 842 1899 Titulus
874 1851 980 1898 libri
1013 1849 1258 1898 Amstelcd.
1297 1866 1436 1910 1714.
1459 1860 1502 1907 8.
1524 1851 1633 1898 editi
1654 1849 1738 1898 este
1778 1853 1915 1898 Korte
1947 1866 2047 1898 ‘ver‘

99 1917 294 1981 hizndling
313 1935 397 1963 van
416 1919 484 1966 het
508 1919 642 1966 Recht
660 1937 710 1969 en
724 1919 914 1984 gebruyk
934 1921 1012 1965 der
1026 1933 1194 1983 graven
1227 1934 1276 1964 en
1296 1915 1622 1982 begraffeiziffi’m
1644 1919 1694 1980 st>
1725 1920 1803 1964 der
1825 1919 1968 1964 aloude
1987 1918 2047 1963 als
2080 1923 2085 1926 “

99 1983 430 2047 hedendcmgfihe
448 1987 634 2032 volkern.
705 1990 776 2034 De
796 1983 1095 2050 superstitiosa
1119 1987 1350 2049 plagarum
1373 1985 1481 2031 caeli
1502 1987 1744 2049 antiquitus
1765 1985 1881 2048 apud
1902 1985 2046 2030 varias

100 2066 254 2116 gentes
278 2048 586 2098 obseruatione
607 2054 653 2097 in
671 2051 935 2115 sepeliendis
959 2054 1151 2100 mortuis
1176 2050 1354 2099 consule
1375 2054 1494 2099 Petri
1514 2054 1674 2099 Zornii
1697 2050 2045 2098 dissertationem

99 2119 194 2167 vol.
219 2120 296 2165 ΙΙΙ.
316 2114 503 2164 Miscell.
525 2117 734 2181 Lipsiens.
759 2137 918 2169 nouor.
938 2138 981 2185 p.
1013 2124 1125 2167 616.
1192 2124 1263 2165 De
1283 2117 1574 2164 Etruscorum
1604 2116 1765 2165 funere
1795 2120 1886 2181 agit
1915 2122 2047 2165 Ioan-

101 2203 181 2235 nes
203 2184 389 2248 Baptista
409 2182 662 2249 Passeratius
683 2185 984 2234 dissertatione
1006 2188 1133 2233 tertia
1153 2187 1270 2249 parti
1291 2186 1443 2231 tertiae
1470 2184 1608 2232 musei
1632 2184 1803 2232 Etrusci
1827 2185 2004 2233 adies'ta.

166 2313 172 2318 Α
238 2256 294 2298 ΙΙ.
328 2256 394 2298 De
427 2249 660 2299 funeribus
690 2268 733 2301 et
767 2254 888 2301 lustu
909 2252 1204 2300 Hebraeorum
1226 2267 1401 2316 praeter
1422 2255 1694 2317 Interpretes
1730 2257 1769 2299 S.
1793 2255 2046 2319 Scripturae

105 2318 400 2369 consulendus
421 2325 469 2368 Β.
491 2322 685 2368 Martini
708 2318 852 2368 Geieri
881 2322 995 2368 liber
1017 2319 1246 2381 singularis
1268 2318 1441 2384 Lipsiae
1469 2327 1609 2370 1666.
1649 2334 1719 2368 12.
1742 2321 1885 2368 editus
1911 2335 1953 2368 et
1982 2322 2048 2367 in·

105 2404 173 2437 ter
195 2387 276 2434 alia
295 2389 387 2434 eius
412 2383 619 2452 opuscula
639 2389 687 2434 in
713 2395 818 2442 8.'et
835 2389 1030 2453 denique
1051 2389 1180 2437 etiarn
1212 2387 1331 2451 apud
1362 2387 1514 2448 Belgas
1547 2404 1635 2435 vna
1665 2393 1766 2434 cum
1798 2389 1892 2436 eius
1913 2391 2046 2435 Com·

1 2489 15 2504 ,-
104 2456 333 2503 ment-ariis
356 2456 409 2502 ad
441 2454 684 2502 nonnullos
706 2457 956 2520 Scripturae
988 2456 1152 2509 libros,
1192 2456 1239 2500 in
1269 2450 1384 2501 folio
1416 2452 1604 2502 recusus.
1679 2455 1957 2503 Schicltardus
1990 2456 2047 2502 de

0 2521 24 2542 '²
109 2526 207 2570 iure
225 2524 350 2584 regio
378 2522 523 2571 Hebr.
546 2539 581 2570 e.
598 2526 655 2568 6.·
691 2526 885 2570 Cocceius¹
896 2524 950 2570 ad
975 2522 1225 2571 Sanhedrin
1252 2539 1284 2567 c.
1298 2530 1342 2571 6.
1390 2522 1673 2570 1Mczim0nides
1694 2525 1741 2570 in
1764 2523 1839 2570 Iad
1865 2520 2048 2571 chasaka

27 2601 34 2611 “
110 2589 318 2636 lihxlv.
339 2608 432 2648 c.4.>
478 2593 535 2636 10.
555 2588 719 2638 Gottlob
741 2594 1000 2656 Carpzouius
1031 2592 1083 2638 ad
1106 2589 1358 2638 Goodwini
1379 2587 1539 2637 Mosen
1562 2605 1604 2637 et
1626 2594 1851 2639 Aaronem
1875 2608 1919 2656 p.
1935 2598 2048 2651 639.

109 2657 204 2724 sqq.
251 2658 462 2707 Melchior
483 2659 760 2722 Leydeclzerus
788 2661 888 2709 XII.
917 2675 986 2710 10.
1011 2656 1073 2725 sq.
1105 2659 1160 2706 de
1191 2660 1299 2720 Rep.
1325 2657 1663 2715 Hebraeorum,
1698 2662 1810 2710 Ioan.
1831 2658 2048 2707 Benedicffi

176 2723 279 2772 Vol.
320 2741 364 2773 2.
397 2766 401 2767 γ
1183 2727 1224 2773 D
1247 2724 1322 2774 dd
1819 2723 2045 2788 carpzouii
