2263 3027
808 93 830 103 ··
845 68 1221 154 L1TTERAE5
1288 120 1289 123 ,
1361 81 1367 89 ’·
1891 78 1995 135 ⁷963

54 199 257 254 Etruriae
277 195 438 259 regalis
458 193 717 251 vernacula,
741 194 913 240 Oxonii
940 200 1086 257 1738.>
1101 210 1145 252 4.
1199 193 1270 241 Ad
1301 205 1433 256 quam
1457 192 1838 255 annotatiunculae
1868 194 1991 242 ioan.

54 270 222 328 Georg.
247 260 509 311 Wachterus
537 260 660 314 Affis
685 261 980 307 Eruditorum
1013 270 1063 308 A.
1098 275 1238 319 1744.
1272 278 1372 326 pag.
1399 277 1456 322 39
1464 275 1504 321 ς.
1532 258 1783 309 inserendas
1809 261 1990 306 curauit.

51 334 407 380 Britannicarum
440 332 686 377 litterarum
712 330 922 374 inuentor
956 326 1043 375 fuit
1073 331 1298 375 Nemnius
1327 329 1506 391 quidam
1528 368 1541 390 ‚
1590 328 1694 374 vide
1727 326 1990 374 Bibliothec.

53 401 228 462 Anglic.
249 402 421 447 T.VII.
444 415 487 462 p.
515 413 622 466 1943
674 393 861 452 Versus,
900 413 1015 460 quos
1037 393 1165 443 affert
1184 397 1340 445 Petrus
1359 399 1557 444 Crinitus
1575 399 1718 444 XVII.
1747 413 1782 442 1.
1838 396 1991 441 Enno-

53 467 177 514 dium
198 465 424 523 maiorem
446 461 635 516 habent:

375 563 517 626 Mqfhs
545 568 717 630 primus
751 562 997 611 Hebraicas
1030 569 1235 610 exarauit
1268 565 1440 611 litteras

331 672 335 675 .
369 632 520 689 Mente
554 631 773 677 Phoenices
795 632 945 696 fizgacl
988 634 1264 678 condiderunt
1302 636 1467 679 Atticas

365 703 481 762 Qas
519 700 666 744 Latini
696 699 994 764 scriptitamus
1029 701 1160 745 edidit
1197 699 1444 760 Nicqslrizta,

374 765 588 812 Abraham
623 769 753 828 Syrus
790 771 832 810 et
865 769 974 811 idem
1008 771 1202 832 repperit
1239 767 1507 821 Chaldaicas‚

370 834 441 895 Ists
478 846 577 878 arte
599 849 699 880 *non
734 836 897 878 minore
926 836 1112 899 protulit
1148 836 1395 898 Aegyptias

369 898 514 960 Gulffla
542 902 733 967 promtfit
769 903 987 947 Getarum
1023 918 1129 964 quas
1161 904 1348 966 videmus
1389 901 1574 947 vltimas.

51 1007 119 1053 Ex
144 1023 308 1068 gruum
329 1005 481 1054 volatu
502 1004 664 1069 figuras
687 1008 934 1054 litterarum
958 1023 979 1052 a
1004 1008 1237 1053 Mercurio
1258 1004 1554 1066 Trismegisto
1589 1001 1845 1051 efformatas
1863 1002 1996 1049 tradit

53 1074 332 1122 Cassiodorus
353 1076 430 1122 lib.
453 1084 494 1132 8.
509 1078 676 1122 variar.
697 1078 778 1138 Ep.
799 1088 868 1123 12.
891 1073 964 1119 alii
985 1074 1072 1119 hoc
1094 1074 1298 1123 tribuunt
1319 1073 1565 1129 Palamedi,
1602 1072 1721 1118 vnde
1743 1088 1874 1133 grues
1896 1086 1998 1117 aues

51 1143 296 1194 Palamedis
317 1144 528 1190 dicuntur
549 1161 571 1188 a
593 1143 788 1188 Martiali
812 1141 884 1188 lib.
915 1157 931 1190 1
947 1156 984 1200 3.
1008 1142 1163 1205 EpigrL
1183 1136 1260 1200 75'.
1328 1145 1398 1186 De
1429 1140 1582 1185 volatu
1614 1140 1807 1186 litterato
1830 1153 1996 1199 gruum

51 1211 275 1257 videndus
296 1228 403 1274 prae
439 1211 594 1255 ceteris
627 1213 711 1258 Iac.
737 1205 1004 1256 Gaffarellus
1023 1211 1070 1254 in
1092 1207 1413 1254 curiositatibus
1442 1207 1652 1253 inauditis
1683 1224 1782 1271 pag.
1803 1224 1827 1253 2
1842 1222 1913 1261 50.
1934 1201 1996 1267 s'q.

53 1279 263 1323 meminit
293 1293 334 1323 et
358 1277 575 1323 Martialis
599 1276 673 1323 lib.
699 1280 770 1322 IX.
798 1278 953 1341 Epigr.
987 1293 1057 1338 14.
1092 1276 1272 1322 laudans
1303 1292 1472 1322 nomen
1493 1276 1646 1320 Earini
1673 1270 1994 1335 dignissimum,

52 1345 176 1407 quod
206 1361 353 1408 penna
371 1341 589 1391 scribente
614 1361 745 1406 grues
765 1345 818 1390 ad
841 1343 976 1390 sidera
999 1343 1168 1390 tollant.
1238 1344 1363 1390 Idem
1387 1340 1655 1390 Gaffarellus
1676 1342 1843 1388 multus
1867 1339 1927 1387 est
1949 1342 1997 1385 in

52 1410 320 1475 explicando
351 1411 605 1475 Alphabeto
636 1409 937 1476 superstitioso
971 1426 1013 1457 et
1044 1412 1191 1466 inani,
1226 1411 1349 1475 quod
1381 1412 1428 1457 in
1458 1410 1583 1457 coelo
1616 1409 1770 1456 Videre
1804 1406 1885 1454 sibi
1913 1404 1997 1454 visi

49 1475 149 1525 sunt
169 1478 466 1540 nugiuenduli
485 1478 718 1532 nonnulli,
754 1479 808 1525 de
834 1492 923 1542 quo
953 1479 1193 1526 Kircherus
1215 1495 1340 1525 tomo
1364 1495 1404 1529 2.
1424 1478 1592 1542 Oedipi
1611 1492 1721 1541 part.
1745 1490 1787 1526 2.
1816 1493 1859 1541 p.
1883 1491 1937 1524 21
1954 1488 1995 1534 5.

51 1547 150 1602 Alia
173 1545 421 1610 Alphabeta
443 1547 751 1593 commentitia
770 1547 957 1601 Adami,
991 1547 1195 1599 Noaehi,
1234 1563 1274 1593 et
1297 1547 1512 1593 Henochi
1534 1542 1672 1591 refert
1692 1560 1822 1607 atque
1841 1543 1996 1608 explo-

53 1613 118 1660 dit
138 1614 256 1661 Tho.
284 1615 538 1675 Bangius'in
561 1613 687 1660 coelo
713 1616 896 1661 orientis
917 1616 1108 1660 Exercit.
1130 1611 1319 1663 secunda
1348 1614 1403 1659 de
1433 1613 1677 1659 litteratura
1701 1611 1997 1663 Pati-iarchali,

53 1681 159 1727 vide
180 1680 230 1726 sis
250 1697 432 1745 quoque
453 1682 653 1727 Rocham
677 1683 724 1727 in
744 1682 1020 1728 Bibliotheca
1038 1683 1249 1727 Vaticana
1267 1699 1310 1745 p.
1332 1698 1410 1741 79.
1433 1688 1509 1735 82.
1534 1688 1611 1735 88.
1636 1677 1784 1742 91.sq.
1816 1679 1998 1725 Kirche-

51 1765 152 1795 rum
177 1764 217 1795 2.
242 1749 409 1812 Oedipi
430 1753 555 1795 Parte
589 1765 622 1795 1.
645 1765 743 1813 pag.
768 1762 870 1806 105.
942 1748 996 1795 In
1033 1747 1190 1794 ordine
1221 1748 1446 1813 alphabeti
1469 1747 1702 1794 Hebraeos
1732 1764 1779 1792 ac
1807 1747 1999 1792 Phoeni-

52 1832 123 1862 ces
142 1813 317 1879 sequuti
345 1814 445 1862 sunt
465 1818 626 1864 Graeci
651 1832 694 1862 et
719 1818 889 1868 Latini,
926 1830 976 1861 vt
997 1814 1096 1879 post
1113 1815 1222 1861 alios
1244 1831 1400 1862 notant
1414 1812 1644 1862 Hallenses
1664 1819 1789 1861 Parte
1811 1817 1887 1860 VI.
1907 1813 1998 1860 Ob-

52 1881 163 1928 serv.
184 1900 274 1945 cap.
299 1899 343 1944 4.
382 1887 549 1931 Graeca
573 1883 822 1947 Alphabeta
843 1900 925 1947 per
945 1885 1086 1928 varias
1107 1898 1264 1929 aetates
1287 1881 1586 1929 diuersimode
1616 1884 1661 1927 in
1683 1884 1807 1928 MSS.
1829 1897 2000 1927 exarata

52 1949 262 2011 singulari
281 1951 436 1997 tabella
456 1951 659 1998 exhibuit
680 1950 911 1999 Edu-ardus
935 1950 1218 1996 'Bernhardus
1243 1957 1326 1997 Ao,
1359 1953 1500 2006 1689.
1540 1951 1726 2003 Oxonii‚
1749 1965 1879 2012 atque
1896 1950 2000 1996 inde

50 2018 211 2065 Ezeeh.
225 2019 521 2081 Spanhemius
543 2021 597 2065 de
618 2016 698 2064 vsu
710 2034 751 2065 et
768 2016 1027 2083 praestantia
1041 2013 1358 2067 numismatum
1372 2015 1464 2063 diff.
1481 2034 1522 2065 2.
1542 2017 1607 2063 ed.
1622 2017 1767 2062 Lond.
1839 2020 1998 2076 Longe

50 2085 246 2150 plurima
271 2083 321 2130 ab
345 2101 397 2130 eo
421 2100 629 2149 tempore
650 2101 673 2131 e
697 2089 820 2131 MSS.
843 2086 1062 2150 produxit
1077 2083 1431 2132 Montfauconus
1456 2086 1502 2130 in
1527 2082 1998 2129 eruditiffiinoPalaeo-

51 2153 263 2217 graphiae
287 2155 480 2199 Graecae
504 2160 655 2215 opere.
691 2153 846 2199 Latina
871 2150 1144 2199 diuersarum
1166 2167 1355 2197 aetatum
1381 2149 1514 2196 habes
1536 2150 1652 2214 apud
1675 2150 1998 2197 Mabillonium

50 2222 98 2266 in
121 2236 258 2284 opere
277 2219 504 2284 praeclaro
539 2219 595 2265 de
613 2235 661 2265 re
686 2218 992 2283 diplomatica,
1030 2234 1072 2266 et
1091 2217 1449 2281 Papebrochium
1483 2218 1528 2262 in
1567 2217 1817 2280 propylaeo
1851 2218 1904 2262 ad
1927 2233 2000 2262 to-
2057 2251 2059 2253 -

0 2309 5 2345 ς
49 2302 179 2340 mum
206 2303 245 2334 2.
279 2286 498 2334 Aclorum
520 2285 782 2333 Sanfflmrum
805 2287 986 2351 Aprilis.
1064 2289 1300 2330 Variarum
1324 2285 1574 2344 linguarum
1599 2285 1831 2347 alphabeta
1854 2300 1896 2330 et
1920 2300 2000 2330 no-
2025 2326 2028 2329 ,

0 2360 2 2385 ²
53 2370 116 2403 tas
136 2353 347 2416 singulari
371 2354 513 2400 studio
545 2353 724 2415 collegit
751 2371 797 2401 ac
829 2352 1000 2416 digeslit
1025 2353 1224 2401 Andreas
1245 2351 1467 2398 Mulierus
1498 2348 1874 2412 Greifenhagius‚
1909 2369 2016 2399 vnar-

52 2438 154 2484 cum
180 2420 460 2470 versionibus
480 2437 625 2488 prope
647 2436 824 2475 centum
845 2423 1059 2469 orationis
1079 2421 1367 2477 Dominicae,
1404 2433 1446 2464 et
1465 2415 1565 2482 post
1587 2420 1681 2465 eius
1704 2417 1789 2465 fata
1808 2418 1994 2483 publico

15 2539 23 2546 ,
54 2490 178 2537 dedit
195 2489 291 2536 Seb.
315 2488 510 2538 Godofr.
533 2488 729 2535 Starkius
763 2490 784 2538 ὁ
803 2492 1087 2555 μακαρίτης,
1115 2488 1313 2535 Berolini
1340 2501 1536 2545 1703.4.
1606 2489 1752 2533 Notas
1780 2489 1920 2533 varias
1953 2503 1996 2534 et

51 2555 176 2618 siglas
198 2557 514 2616 Medicorum,
546 2557 898 2620 Chymicorum,
935 2556 1277 2618 Astrologorum
1309 2552 1491 2600 exhibet
1509 2570 1689 2617 praeter
1708 2553 1998 2602 MontfaucO„

18 2668 24 2672 .
53 2640 164 2673 num
189 2626 380 2685 Cangius
405 2625 459 2672 ad
482 2626 645 2672 calcem
670 2620 879 2671 Glossarii
900 2627 1074 2672 Graeci.
1146 2620 1393 2687 Alphabeta
1416 2621 1553 2668 medii
1577 2624 1672 2668 aeui
1694 2622 1910 2669 exhibent
1931 2626 1995 2669 lo.

30 2694 138 2741 ..lae
154 2692 482 2744 Scheuchzerus
495 2695 543 2744 in
567 2691 811 2758 specimine
821 2692 1043 2758 alphabeti
1065 2710 1119 2742 ex
1141 2688 1459 2757 diplomatibus
1469 2703 1523 2759 ..et
1537 2689 1764 2739 codicibus
1778 2692 1997 2806 Tuiiigen-

49 2775 63 2788 ‘f
1270 2778 1273 2779 ⁷
1881 2776 1894 2804 1
1931 2775 1993 2814 us,
