2263 3027
197 86 300 145 824,
561 75 708 128 CAP.
747 74 916 127 XVn.
985 63 1398 145 APPARATVS
1433 72 1774 126 BELLICVS.
2007 62 2012 104 l

195 201 321 250 ribus
349 199 540 248 ostendit
560 217 653 246 non
670 201 816 246 ‘vnam
839 198 1118 263 eandemque
1144 199 1328 246 militiae
1350 201 1571 246 rationem
1591 195 1670 246 sub
1695 196 1943 262 Republica
1968 214 2011 247 et
2032 202 2138 251 Cae-

197 265 386 322 saribus,
424 267 498 315 scd
528 284 612 332 pro
634 283 898 331 temporum
917 269 1128 314 varietate
1153 267 1307 313 itidem
1331 269 1498 313 variam
1514 302 1526 324 ,
1564 267 1790 330 longeque
1821 264 2040 314 diuersam
2065 268 2148 315 ob-

197 336 396 384 tinuisse:
434 352 524 399 quo
551 338 740 381 nomine
763 351 804 380 et
825 337 1064 396 Vegetium
1101 334 1451 399 reprehenderat
1476 333 1674 398 Lipsius,
1710 335 1834 398 quod
1864 333 1927 381 sui
1955 332 2150 399 etsupe·
2242 375 2243 378 ,

202 407 338 451 rioris
358 406 456 450 aeui
476 402 672 449 instituta
693 400 845 449 miscet
868 420 914 449 ac
939 400 1190 458 confundit,
1227 418 1269 449 et
1291 403 1345 448 ab
1366 420 1415 449 ea
1435 403 1562 465 culpa
1585 420 1665 449 nec
1689 404 1869 449 Liuium
1896 405 2149 452 immunem
2206 432 2209 433 ν

203 469 288 518 effe
314 472 445 518 docet
467 469 713 530 Salmasius.
781 469 870 516 Sub
893 472 1253 534 simperatoribus
1286 470 1443 516 militia
1475 471 1663 533 triplex,
1697 487 1785 517 vna
1817 468 2149 517 honoratiffima

199 540 394 586 Palatina
414 540 459 584 in
488 533 649 603 palutio
673 540 1024 602 imperatorum:
1061 535 1252 584 secunda
1278 535 1497 584 castrensis
1521 536 1610 584 fiue
1631 553 1820 590 armata,
1858 553 1901 583 et
1928 539 2054 584 terti-a
2078 553 2150 584 cos

201 608 415 662 hortulis,
452 622 610 652 eorum
635 607 712 668 qui
742 609 789 651 in
810 603 960 652 officio
984 602 1315 669 praefestorum
1341 622 1388 651 ac
1410 603 1657 668 praefidum
1691 604 1951 651 militabant.
2023 605 2152 653 Vale-

200 673 285 721 fius
305 674 358 721 ad
381 677 557 720 Sozorn.
579 677 634 721 V.
659 690 703 734 4.
776 676 845 720 De
860 675 955 720 facie
984 673 1102 738 apud
1126 677 1322 720 Graecos
1347 672 1542 718 videnda
1564 679 1738 719 Aeneae
1758 688 1802 718 et
1825 673 1998 719 Aeliani
2028 669 2150 721 raeti.

202 760 250 789 ca
272 743 489 787 ”virorum
523 738 764 787 ὀοᾶοηιη]
795 742 914 787 notis
950 740 1172 788 illustrata.
1243 744 1314 788 De
1342 738 1557 807 πυρφέςῳ
1576 741 1870 806 praecedente
1889 743 2152 795 exercitum,
2219 771 2226 775 -
2258 732 2262 735 ’

203 809 475 874 Raynaudus
506 824 635 856 tomo
667 817 706 860 8.
736 811 858 873 Opp.
885 825 982 874 pag.
1012 815 1122 871 376.

340 947 465 991 VIII.
501 948 571 991 De
600 942 957 1009 Elephantorum
979 958 1021 991 et
1045 942 1334 991 Camelorum
1359 936 1440 988 vsu
1469 944 1515 989 in
1536 940 1656 990 bello
1691 939 1897 990 videatur
1919 944 2152 992 Herman·
2228 958 2231 1007 j
2254 982 2258 994 .,

204 1028 292 1060 nus
312 1016 452 1074 Hugo
473 1011 550 1057 lib.
581 1028 617 1057 1.
640 1012 693 1058 de
719 1013 877 1058 militia
900 1010 1091 1075 equestri
1113 1027 1204 1073 cap.
1231 1026 1271 1070 5.
1344 1013 1513 1071 Georg.
1537 1009 1795 1073 Christoph.
1819 1013 1938 1057 Petri
1961 1011 2012 1058 ab
2037 1015 2155 1058 Har·
2235 1014 2263 1068 -ξι,

204 1078 369 1127 tenfels
393 1082 438 1126 in
461 1079 903 1143 elephantographia.
933 1095 1025 1142 cap.
1056 1095 1091 1136 3.
1116 1074 1297 1123 Erford.
1327 1091 1465 1135 1715.
1491 1094 1532 1133 4.
1609 1080 1672 1122 Io.
1697 1077 1959 1124 Harduinus
1989 1080 2041 1124 ad
2065 1079 2154 1124 Pli-
2235 1071 2251 1090 ‘¹'

203 1149 270 1195 nii
297 1147 372 1192 lib.
398 1154 438 1201 8.
464 1163 555 1210 cap.
577 1161 620 1204 7.
644 1155 683 1201 8.
709 1162 752 1192 et
782 1154 853 1201 18.
922 1149 1039 1194 Dan.
1064 1147 1278 1190 Lanmeri
1299 1140 1459 1190 differt.
1485 1143 1539 1189 de
1568 1144 1818 1207 elephantis
1847 1160 1889 1192 et
1917 1161 2077 1192 eorum
2099 1144 2154 1192 ad
2259 1175 2263 1179 ·

205 1213 374 1261 bellum
398 1228 622 1277 apparatu.
638 1213 787 1260 Aboae
820 1227 955 1276 1709.
979 1223 1019 1268 8.
1043 1227 1085 1258 et
1109 1211 1237 1259 Gisb.
1261 1214 1464 1276 Cuperus
1487 1210 1881 1259 exercitationibus
1905 1213 2073 1260 duabus
2097 1213 2155 1260 de

205 1283 457 1345 elephantis
479 1283 525 1326 in
550 1283 722 1341 numis,
759 1296 869 1328 tom.
896 1298 934 1337 3.
967 1275 1160 1326 thesauri
1194 1279 1499 1340 Sallengriani.
1569 1283 1637 1325 De
1668 1297 1826 1326 canum
1858 1277 1938 1327 vsu
1960 1282 2007 1327 in
2029 1280 2151 1328 bello
2238 1272 2255 1283 „

203 1352 310 1395 vide
332 1349 529 1395 Plinium
552 1352 677 1394 vul.
697 1365 778 1411 40.
811 1363 853 1394 et
885 1347 947 1394 ibi
970 1348 1275 1395 Harduinum.
1345 1350 1412 1394 De
1443 1347 1662 1393 machinis
1691 1347 1861 1394 bellicis
1881 1345 2152 1396 consulenda

203 1418 434 1465 Athenaei
466 1416 742 1469 Mechanici,
791 1415 1088 1480 Apollodori,
1134 1415 1364 1468 Philonis,
1419 1416 1613 1470 Bitonis,
1670 1417 1962 1479 Heronisque
1991 1413 2154 1480 scripta

205 1501 363 1547 graece
383 1500 425 1530 et
453 1484 586 1531 latine
609 1482 799 1530 iunfftm
833 1484 975 1530 edita:
1011 1499 1107 1529 tum
1127 1483 1403 1529 Stewecliius
1423 1483 1476 1528 ad
1501 1485 1765 1544 Vegetium,
1805 1483 1927 1530 Felix
1949 1481 2076 1530 Ofius
2104 1486 2154 1531 in

205 1553 393 1600 Graeuii
423 1549 629 1601 thesauro
652 1554 965 1615 antiquitatum
988 1551 1136 1598 Italiae
1164 1566 1272 1596 tom.
1299 1567 1338 1609 3.
1372 1567 1470 1614 pag.
1501 1559 1649 1612 1083·
1671 1567 1810 1610 ¹093·
1879 1559 2156 1614 Anonymus

207 1619 263 1666 ad
286 1620 622 1683 Theophanem
660 1637 704 1682 p.
725 1634 836 1680 434.
858 1634 901 1665 et
923 1618 1141 1679 Rigaltius
1162 1618 1215 1664 ad
1238 1613 1554 1664 onos-andrum
1580 1636 1676 1683 pag.
1704 1624 1767 1679 69
1790 1616 1884 1682 sqq.
1956 1622 2025 1664 De
2045 1635 2153 1666 cata-

209 1688 336 1752 pulta
358 1688 536 1737 Ludov.
567 1685 821 1734 Maseardus
841 1688 886 1732 in
913 1683 1072 1732 Museo
1112 1701 1237 1750 parte
1263 1701 1298 1732 1.
1329 1684 1404 1733 lib.
1433 1702 1471 1746 3.
1505 1702 1597 1750 cap.
1621 1686 1796 1732 vltimo.
1872 1689 1940 1730 De
1962 1687 2154 1747 petraria
2231 1662 2245 1722 r>

207 1753 297 1800 fiue
320 1753 485 1800 ballista
508 1754 678 1818 lapides
708 1754 955 1814 vegrandes
977 1755 1164 1800 iaciente
1183 1752 1354 1798 Frider.
1376 1753 1742 1812 Lindenbrogius
1771 1768 1812 1814 p.
1842 1766 1934 1811 357
1959 1751 2014 1797 ad
2032 1753 2154 1798 Paul-

209 1821 304 1867 lum
326 1820 680 1870 Warnefridum.
749 1826 818 1868 De
848 1824 981 1868 ariete
1009 1819 1254 1868 Turnebus
1287 1816 1520 1866 Aduersar.
1544 1821 1680 1864 XXII.
1707 1834 1758 1864 21
1788 1815 1849 1880 sq.
1920 1816 2152 1866 Montfau·

209 1905 350 1935 conus
371 1904 479 1934 tom.
498 1906 540 1944 4.
572 1886 791 1952 supplem.
828 1906 924 1952 pag.
955 1904 1010 1948 33
1036 1886 1097 1951 sq.
1169 1886 1448 1934 Gorionides
1469 1889 1523 1934 V.
1551 1901 1621 1943 ις.
1645 1899 1687 1930 et
1710 1888 1972 1931 Ciacconius
1994 1887 2047 1932 ad
2078 1903 2152 1934 co.

208 1955 411 2002 lumnam
435 1957 620 2001 Traiani
655 1973 697 2001 n.
730 1971 832 2008 150.
865 1972 908 2004 et
940 1957 996 2001 de
1017 1952 1271 2001 carobalista
1297 1970 1338 1998 n.
1368 1968 1470 2013 171.
1538 1956 1606 1998 De
1638 1955 1773 1998 ariete
1795 1952 2152 2002 Heilbrunnenfi

213 2030 278 2078 80
298 2020 390 2069 fere
418 2023 586 2086 pedum
610 2022 915 2082 longitudine,
952 2019 1125 2083 sylloge
1148 2018 1433 2083 epistolarum
1447 2021 1770 2066 Burmanni-„ma
1791 2034 1901 2071 tom.
1918 2034 1959 2068 2.
1980 2037 2022 2085 p.
2043 2036 2149 2077 192.

210 2093 283 2137 De
306 2092 536 2153 Agrippae
563 2090 813 2154 harpagine
835 2091 1068 2152 Appianus
1097 2104 1117 2146 5
1144 2086 1260 2133 ciuil.
1292 2084 1370 2135 fol.
1391 2101 1503 2146 739.
1533 2083 1740 2134 aduersus
1775 2088 1886 2133 illud
1917 2105 2151 2135 armorum

208 2175 351 2221 genus
370 2157 520 2222 postea
541 2155 791 2203 institutum
813 2151 1020 2222 δρέπανον
1039 2149 1191 2220 δέραισι
1212 2154 1500 2220 περιθέσθαι.
1521 2154 1655 2202 idem.
1726 2158 1795 2201 De
1816 2156 2150 2219 helopoliGro-

209 2227 297 2272 tius
319 2227 372 2272 ad
408 2242 420 2273 ι
460 2228 600 2272 Mace.
632 2225 750 2271 X111.
781 2241 861 2285 43,
892 2239 969 2286 44.
1002 2239 1044 2269 et
1075 2225 1340 2269 Ammianus
1374 2223 1449 2273 lib.
1484 2236 1677 2287 23.cap.
1702 2238 1742 2285 5.
1820 2227 1886 2269 De
1915 2224 2151 2284 aggeribus

207 2293 371 2343 Ezech.
395 2294 694 2357 Spanhemius
726 2293 778 2337 ad
806 2292 964 2338 Iuliani
998 2305 1108 2339 orat.
1141 2305 1178 2339 Ι.
1200 2307 1297 2355 pag.
1328 2306 1416 2349 190
1440 2290 1501 2354 sq.
1523 2307 1565 2337 et
1580 2298 1749 2338 Aaron.
1769 2288 1970 2353 'Phylius
1996 2292 2048 2337 de
2071 2308 2151 2355 op—

207 2376 392 2426 pugnat.
418 2360 603 2414 vrbium
627 2377 668 2424 p.
695 2369 802 2417 169.
875 2363 940 2405 De
962 2359 1090 2405 vallis
1119 2355 1347 2421 murisque
1370 2360 1563 2405 limitum
1599 2354 1964 2405 memorabilibus
1996 2362 2155 2415 (inum
2211 2392 2213 2395 ψ

211 2431 420 2487 webren)
443 2432 562 2474 loan.
584 2428 725 2475 Andr.
742 2426 1019 2473 Doederlein
1051 2427 1097 2473 in
1121 2425 1456 2489 antiquitatibus
1477 2429 1692 2474 Roma-nis
1717 2425 2149 2486 Nordgauienlibus.
2239 2439 2241 2441 “

212 2491 539 2557 Weiffenburg.
565 2511 706 2553 1731.
734 2510 779 2555 4.
850 2498 919 2542 De
942 2493 1140 2541 turribus
1170 2497 1501 2558 oppugnationi
1534 2493 1716 2542 vrbium
1746 2494 1978 2540 admoueri
2008 2490 2148 2541 solitis

208 2575 387 2624 praeter
409 2565 647 2624 Vegetium
677 2562 749 2608 lib¹
775 2578 820 2615 4.
846 2580 935 2627 cap.
961 2580 1029 2622 ¹7·
1099 2559 1326 2609 Caesarem
1350 2563 1406 2610 de
1426 2566 1470 2609 B.
1490 2567 1545 2611 G.
1570 2577 1613 2618 2,
1639 2578 1712 2625 30.
1782 2561 2054 2614 Liuiumzi,
2074 2577 2088 2608 1
2111 2577 2149 2608 ι.

210 2631 507 2676 Ammianum
541 2630 855 2677 Marcellinum
884 2644 959 2681 20,
990 2645 1060 2677 11.
1138 2630 1332 2690 Cangius
1371 2625 1542 2694 glossar.
1567 2632 1613 2677 in
1647 2628 1851 2690 helfredus
1882 2644 1923 2672 et
1961 2628 2147 2696 tristega,

212 2709 257 2742 et
275 2697 479 2744 Barthius
498 2713 598 2761 pag.
621 2705 731 2763 362.
762 2697 818 2745 ad
836 2697 1069 2748 Guilielm·
1098 2699 1349 2750 Britonem.
1414 2702 1486 2750 De
1508 2694 1707 2750 turribus
1728 2693 1994 2752 mobilibus,
2036 2712 2149 2759 quae

2036 2779 2146 2814 1⁶01ss
