2263 3027
217 189 224 193 ⁸
508 123 1009 178 SCRIPTORES
1078 122 1568 174 GENERALES.
1913 137 2003 182 129

264 249 471 321 XVH.
540 247 918 331 *INDEX
995 243 1825 316 ALPHABETICVS

86 391 429 464 Scriptorum
462 388 559 463 qui
601 388 659 442 in
689 402 927 463 Vtroque
957 383 1245 441 Thesauro
1276 384 1614 442 Graecarum
1642 383 1918 441 Gronouii
1956 398 2008 439 et

118 469 451 519 Romanarum
465 467 829 532 Antiquitatum
845 463 1051 514 Graeuii
1077 477 1124 513 et
1146 465 1414 533 Sallengrii,
1439 478 1493 513 vt
1522 478 1569 513 et
1596 465 1740 513 nouis
1763 461 1970 531 Supple-

249 543 427 592 mentis
464 541 636 591 Poleui
671 558 724 590 ac
757 539 989 590 thesauris
1020 539 1363 604 antiquitatum
1393 538 1551 588 Italiae
1576 554 1626 590 et
1650 537 1838 588 Siciliae

528 615 1165 667 Gracuio-Burmanniauis
1213 615 1552 674 continentur.

83 753 231 796 Littera
247 755 292 795 G.
314 753 527 809 thefhurum
558 756 844 809 Antiquitatum
866 756 1122 800 Graecarum,
1152 755 1198 796 R,
1231 754 1481 793 Romanarum
1510 751 1674 798 Graeu't'i,
1708 753 1739 796 1.
1779 751 2014 802 Italicarum,

192 810 266 854 Sic.
285 811 506 862 Sicularum,
540 812 576 851 S.
609 811 803 865 Salengrii,
834 812 874 852 P,
902 811 1029 852 Polem’
1050 809 1320 864 fitpplementa.
1376 809 1505 848 Maior
1539 821 1711 848 numerus
1754 807 1925 855 Tamum,
1946 808 2012 846 du·

178 865 292 919 pl1'ci5
308 868 459 906 maioris
477 868 621 908 numeri
634 868 742 920 prior
757 865 1092 920 totmaemspqsterior
1103 865 1294 908 volumem
1318 864 1621 903 mium-numerus
1627 864 1803 917 paginam
1802 862 2008 919 fignificat.

82 976 366 1091 Aegyptii
386 995 660 1055 (Matthaei)
686 995 788 1042 SCti
810 995 867 1042 de
892 991 1232 1042 Bacchanalibus
1253 994 1507 1058 explicatio.
1540 995 1585 1039 P.
1606 996 1640 1039 I.
1668 1008 1776 1055 375.

231 1063 403 1110 Aia-heri
434 1065 637 1124 (Ottonis)
661 1064 810 1109 breuis
833 1062 1050 1109 institutio
1076 1062 1131 1109 de
1151 1063 1346 1108 comitiis
1376 1076 1597 1108 veterum.
1633 1064 1679 1107 P.
1700 1064 1732 1106 Ι,
1757 1073 1868 1123 273.

81 1133 235 1178 Alciati
262 1133 457 1191 (Andr.)
479 1131 534 1177 de
553 1129 881 1193 magistratibus
902 1131 1110 1177 ciuilibus
1131 1144 1174 1176 et
1198 1129 1468 1177 militaribus
1499 1126 1676 1178 officiis.
1715 1131 1756 1176 S.
1782 1131 1814 1173 Ι.
1841 1141 1893 1186 32
1906 1139 1948 1186 5.

82 1200 317 1246 Alexandri
340 1202 528 1258 (Hier.)
546 1201 770 1263 Antiquae
792 1198 994 1246 Tabulae
1024 1201 1311 1245 Marmoreae
1350 1197 1466 1243 Solis
1498 1193 1659 1257 effigie,
1696 1194 2017 1258 Symbolisque

150 1266 385 1330 exculptae
405 1283 601 1314 accurata
621 1267 885 1332 explicatio:
918 1283 1004 1330 qua
1036 1263 1204 1331 priscae
1225 1265 1443 1328 quaedam
1474 1263 1805 1327 Mythologiae,
1838 1280 1885 1308 ac
1908 1279 2016 1307 non<

144 1335 267 1380 nulla
285 1350 515 1397 praeterea
547 1351 699 1380 veter-a
734 1338 1038 1380 Monumenta
1071 1338 1377 1388 lklarmorum,
1413 1336 1726 1383 Gemmarum,
1760 1326 2019 1376 Nomisma-

150 1413 264 1455 tum,
299 1398 585 1446 illustrantur.
658 1399 845 1445 Accessit
865 1416 959 1444 non
985 1399 1197 1444 abiimilis
1225 1401 1480 1458 argumenti
1506 1397 1723 1461 expositio
1755 1397 2018 1458 Sigillorum
2083 1422 2085 1424 -

150 1468 316 1517 Zonae,
350 1480 547 1511 veterem
570 1468 765 1511 Statuam
790 1468 1095 1511 Marmore-am
1123 1466 1358 1524 cingentis,
1394 1482 1496 1509 cum
1509 1463 1681 1524 figuris.
1711 1467 1766 1511 R.
1792 1467 1847 1511 V.
1872 1477 1983 1525 701.

82 1532 230 1581 Allatii
247 1533 454 1590 (Leonis)
474 1531 529 1576 de
547 1533 690 1576 Patria
712 1534 910 1578 Homeri
930 1532 1058 1587 liber,
1093 1549 1195 1577 cum
1204 1529 1374 1592 figuris.
1397 1534 1456 1578 G.
1482 1534 1533 1577 X.
1562 1546 1577 1576 ι
1595 1546 1615 1591 5
1627 1546 1650 1589 5
1663 1547 1702 1591 3.

81 1626 150 1634 -—-
215 1625 278 1635 ν-
353 1599 552 1644 Homeri
579 1598 781 1654 Natales,
822 1601 1023 1655 Graece,
1061 1615 1165 1644 cum
1211 1600 1585 1662 interpretatione
1621 1598 1778 1645 Latina
1810 1595 2019 1645 Andreae

149 1666 313 1713 Baiani.
350 1668 406 1714 G.
426 1669 478 1712 X.
510 1675 648 1727 1853.

79 1734 235 1795 AIfitrii
257 1732 520 1795 (Vincentii)
543 1734 598 1781 de
619 1733 791 1782 Inuidia
812 1749 856 1782 et
888 1732 1072 1781 Fascino
1105 1738 1325 1780 Veterum
1354 1730 1544 1779 libellus.
1578 1734 1633 1780 R.
1649 1733 1748 1779 XII.
1773 1739 1886 1791 885.
1928 1771 1932 1773 .

79 1805 321 1864 Anonymus
345 1802 400 1848 de
421 1799 662 1849 Praefeffis
693 1802 830 1849 Vrbis
861 1820 916 1850 ex
950 1801 1233 1868 temporibus
1262 1800 1473 1848 Gallieni.
1538 1803 1604 1845 Vt
1641 1814 1684 1846 et
1707 1797 2020 1862 fragmentum

145 1867 378 1917 Fastorum
399 1868 451 1916 ab
475 1887 592 1916 anno
616 1869 783 1917 Christi
807 1884 918 1929 205.
941 1871 995 1918 ad
1023 1886 1131 1934 353.
1197 1866 1415 1917 Paschalis
1444 1867 1709 1916 Laterculus
1729 1884 1788 1915 ex
1819 1867 2021 1916 editione

151 1938 566 1999 AegidiiBucherii.
602 1941 654 1985 R.
678 1941 751 1984 XI.
769 1945 880 2002 383.

82 2007 286 2068 Arwnymi
306 2003 544 2053 differt-atio
571 2006 625 2053 de
646 2003 878 2072 suppliciis
911 2002 1162 2054 seruorum.
1196 2009 1243 2054 Ρ.
1269 2007 1349 2053 111.
1376 2019 1486 2069 343.
1541 2019 1543 2021 ·

76 2097 150 2109 ⁴-
203 2099 282 2109 ---
316 2071 662 2139 inscriptionum
686 2089 729 2122 et
749 2075 1090 2140 epitaphiorum
1110 2092 1226 2140 quae
1250 2075 1546 2140 Antiquariae
1566 2070 1733 2133 (vrbae
1757 2071 1954 2121 Baeticae
1974 2069 2021 2117 in

150 2137 392 2203 Hispania)
422 2143 723 2206 reperiuntur.
758 2146 894 2190 S.111.
921 2151 1030 2204 845.
1948 2172 1950 2174 -
2024 2156 2027 2160 ·

84 2210 291 2270 Antiquae
313 2208 700 2274 Inftriptionis'qua
722 2214 777 2257 L.
796 2211 1020 2275 Scipionis
1045 2210 1226 2259 Barbati
1246 2214 1301 2258 F.
1317 2207 1577 2277 express'utn
1607 2206 1671 2259 est
1695 2207 1913 2272 Elogium
1946 2218 2019 2254 ex-

147 2275 344 2339 planatio
367 2292 469 2321 cum
481 2273 651 2338 figuris,
690 2280 830 2326 R.1v.
852 2288 906 2336 18
916 2291 990 2341 32.
1358 2287 1362 2291 “

83 2345 253 2390 Aretim‘
275 2343 534 2405 (Leonardi)
555 2347 889 2393 Commentaria
908 2363 1062 2393 rerum
1090 2349 1376 2394 Graecarum.
1408 2349 1467 2397 G.
1478 2349 1558 2398 VI.
1584 2352 1725 2407 3387.

86 2411 321 2456 D’Arnaud
340 2413 547 2475 (Georgit)
578 2412 633 2459 de
662 2414 745 2479 diis
779 2410 1011 2481 παρέδροις
1044 2417 1421 2473 (Σοηιιῃεηῐᾳτίυε.
1450 2406 1578 2463 'P.11.
1601 2425 1711 2474 733.
1800 2450 1801 2454 ,
1852 2420 1857 2425 ’
1885 2420 1889 2425 ’
1922 2434 1928 2444 ·

84 2478 238 2539 Astorii
267 2481 412 2534 (Ioan.
431 2481 612 2538 Anton.)
631 2479 814 2545 epistola
832 2484 891 2529 de
909 2485 1257 2529 DeoBrotonte.
1295 2486 1334 2531 S.
1356 2486 1411 2528 ΙΙ.
1433 2489 1545 2542 769.
1762 2490 1765 2495 “
1886 2540 1889 2543 .

85 2571 152 2582 ‹w-
222 2573 288 2580 --
323 2548 672 2594 commentarius
701 2550 749 2595 in
783 2565 1131 2596 monumentum
1163 2550 1390 2596 Alcmanis
1417 2552 1586 2594 Poetae.
1622 2545 1743 2593 S.11.
1764 2548 1883 2606 78¹.

86 2612 243 2673 Astorii
261 2615 290 2670 (
291 2615 403 2660 Ioan.
406 2619 445 2673 )'
460 2611 698 2661 dissertatio
726 2615 780 2661 de
801 2617 887 2662 diis
908 2617 1095 2664 Cabiris.
1128 2621 1173 2662 P.
1193 2619 1248 2662 II.
1277 2623 1388 2674 873.

86 2681 255 2793 Angfiusti
283 2683 484 2741 (Antoniz)
512 2682 565 2729 de
588 2682 782 2746 Legibus
807 2699 850 2731 et
868 2681 1265 2734 senatusconsultis
1294 2681 1447 2738 Liber,
1481 2697 1584 2730 cum
1611 2679 1734 2732 notis
1758 2675 1911 2727 Fuluii
1931 2676 2017 2723 ντ-

191 2748 249 2795 ni.
280 2751 331 2797 R.
355 2752 419 2797 11..
443 2766 457 2795 1
473 2766 493 2799 1
538 2763 578 2801 2.
870 2760 873 2761 ’
1067 2766 1070 2771 ¹
1368 2788 1372 2792 .

389 2826 393 2831 ·
501 2765 534 2810 4
1192 2818 1231 2864 R
1702 2824 1703 2829 ’
1849 2809 2018 2875 Augusti
