2263 3027
903 99 1237 154 TmssvTA.
1416 97 1432 99 “
1942 120 2037 169 771

75 231 95 250 ⁸
112 241 267 275 mento
288 223 365 272 sub
391 226 671 290 Hieronymi
702 221 858 273 Acosta
884 224 1074 272 nomine
1102 224 1273 272 editum
1300 224 1475 274 notauit
1504 227 1634 280 Rich.
1663 228 1822 276 Simon
1856 239 1984 276 tomo
2006 245 2045 289 3.

111 293 223 342 Bibl.
247 296 423 340 criticae
444 310 536 358 cap.
563 290 621 355 32
643 290 705 356 sq.
1775 313 1777 316 <

256 426 338 475 Ill.
375 425 696 491 Antiquiffimis
715 425 1136 491 temporibus'dona
1165 429 1310 477 oblata
1337 425 1545 492 regibus,
1579 441 1631 474 vt
1657 442 1806 474 narrat
1831 427 2046 476 Herodo-

57 496 60 497 ’
113 507 184 540 tus
206 492 283 542 lll.
310 504 388 552 89.
457 496 630 555 Primus
659 496 820 540 Darius
850 491 1084 558 Hystaspis
1111 495 1338 544 Persarum
1377 513 1455 543 rex
1488 495 1652 542 tributa
1686 493 1788 541 stata
1815 493 2045 560 imposuit,

112 561 237 608 vnde
258 560 400 608 dietus
434 561 650 619 κάπηλος.
725 563 833 607 Eius
863 561 1032 607 reditus
1063 566 1200 611 annui
1237 568 1391 624 14560
1424 563 1595 610 talenta.
1665 566 1734 609 De
1763 565 2047 612 Graecorum

114 629 390 692 aliarumque
423 629 623 690 gentium
653 625 805 682 censu,
844 628 1086 687 reditibus,
1121 629 1437 691 vestigalibus,
1473 629 1654 678 tributis
1686 644 1823 691 agunt
1842 629 2047 677 Christo-

113 697 288 759 phorus
311 694 540 753 Besoldus‚
576 692 698 759 Casp.
721 693 930 743 Klockius
955 711 997 742 et
1025 697 1212 745 Iacobus
1236 701 1463 745 Bornitius
1491 701 1539 744 in
1568 697 1695 744 libris
1716 697 1771 745 de
1793 699 1980 745 Aerario
2002 711 2050 745 et

109 765 359 824 Gregorius
373 760 656 823 Tholosanus
677 764 721 809 in
744 760 1020 825 syntagmate
1040 766 1148 811 iuris
1169 764 1362 811 vniuerfi
1386 763 1461 811 lib.
1490 779 1529 823 3.
1560 764 1633 810 etsi
1653 781 1815 828 operae
1838 767 2044 830 pretium

115 828 224 877 effet-
239 832 327 877 hoc
347 844 661 891 argumentum
686 831 808 893 quod
831 832 884 877 ad
908 829 1154 886 celebriora
1183 849 1320 893 regna
1340 847 1382 880 et
1401 831 1597 895 respubl.
1618 833 1829 879 Graeciae
1858 847 1901 879 et
1922 831 2050 881 Asiae

111 900 266 944 attinet
286 931 298 951 ,
349 898 608 959 diligentius
643 912 686 944 et
714 914 769 944 ex
797 896 997 945 instituto
1031 916 1053 945 a
1084 901 1184 946 viro
1216 900 1366 962 aliquo
1410 899 1588 945 erudito
1627 897 1904 962 pertrafitari.
1974 903 2048 948 De

109 963 454 1012 Atheniensibus
480 980 629 1012 tamen
656 964 762 1012 vide
780 965 1010 1012 Potterum
1032 965 1110 1014 lib.
1142 984 1180 1015 1.
1205 966 1439 1014 Archaeol.
1461 982 1552 1029 cap.
1581 979 1642 1025 14
1662 961 1724 1028 sq.
1756 965 1811 1012 de
1832 965 2048 1012 Lacedae-

100 1034 276 1079 ‘moniis
300 1035 510 1094 Cragium
536 1037 615 1081 IV.
646 1048 661 1080 1
690 1029 752 1096 sq.
828 1034 965 1097 Apud
986 1031 1133 1081 Persas
1155 1036 1243 1081 hoc
1265 1033 1509 1098 peculiare,
1540 1032 1663 1096 quod
1687 1046 1730 1078 et
1750 1033 1890 1080 hodie
1910 1034 2048 1081 etiam

108 1099 160 1146 ab
182 1100 268 1146 illis
291 1098 515 1147 obseruari
537 1115 660 1161 notat
693 1103 816 1146 Ioan.
839 1102 1093 1148 Chardinus
1114 1116 1241 1148 tomo
1268 1105 1345 1147 VI.
1376 1097 1580 1164 descript.
1597 1097 1763 1147 Perfiae
1799 1097 1893 1163 cap.
1919 1115 1963 1162 7.
1996 1116 2049 1149 vt

107 1169 239 1214 certis
260 1168 521 1229 regionibus
541 1165 793 1215 iniuffium
813 1166 917 1216 effer
946 1186 1029 1233 per
1049 1184 1211 1216 certam
1239 1184 1415 1234 partem
1442 1170 1545 1214 anni
1578 1184 1732 1228 regem
1762 1165 1941 1232 eiusque
1970 1184 2050 1215 au-

107 1235 195 1282 lam
218 1235 292 1280 vel
317 1231 563 1282 exercitum
585 1235 723 1290 alere,
755 1251 828 1282 aut
849 1253 1019 1283 certum
1045 1254 1186 1299 genus
1216 1254 1368 1283 rerum
1389 1233 1725 1282 necessariarum
1755 1250 1827 1281 aut
1847 1236 1900 1282 ad
1925 1251 2051 1283 com·

108 1302 372 1348 moditatem
411 1302 485 1348 vel
516 1302 673 1347 luxum
708 1305 840 1348 etiam
874 1319 917 1349 et
945 1301 1236 1366 splendorem
1265 1301 1526 1350 facientium
1555 1300 1861 1366 suppeditare,
1910 1316 1961 1348 vt
1989 1317 2050 1352 ex

109 1368 354 1417 Herodoto
376 1367 654 1415 &Strabone
677 1383 801 1414 notat
823 1366 1066 1415 Briffonius
1084 1369 1160 1415 lib.
1190 1386 1230 1418 ι.
1253 1370 1307 1415 de
1332 1384 1474 1431 regno
1496 1365 1659 1416 Persar.
1677 1385 1777 1432 pag.
1806 1376 1911 1433 163.
1978 1373 2047 1421 Ita

109 1437 279 1496 reginis
313 1436 359 1481 in
401 1433 589 1496 singulas
619 1435 778 1481 mundi
808 1435 1042 1482 muliebris
1067 1448 1220 1500 'partes
1242 1437 1517 1498 integrarum
1552 1437 1889 1500 prouinciarum
1910 1434 2049 1486 νεᾶἰ-

109 1503 221 1563 galia
247 1499 421 1549 addiCta
450 1499 575 1548 fuiffe
595 1513 629 1548 se
661 1503 855 1549 Platonis
887 1503 1116 1550 Alcibiade
1143 1520 1179 1553 1.
1210 1506 1380 1550 notauit
1407 1506 1613 1550 Muretus
1633 1506 1730 1550 XV.
1756 1518 1831 1553 10.
1855 1508 1959 1553 Var.
1982 1506 2048 1553 le-

87 1572 91 1573 ’
110 1567 326 1617 ffionum.
369 1573 420 1615 In
441 1572 617 1631 regium
639 1567 790 1616 fiscum
807 1571 922 1617 illata
943 1568 1072 1618 fuiffe
1084 1572 1347 1618 Herodotus
1360 1568 1510 1617 scribit
1531 1571 1690 1617 talenta
1709 1588 1853 1618 annua
1872 1581 2048 1635 14560.

108 1636 301 1684 Iustinus
329 1652 501 1696 30000.
557 1638 807 1684 Chardinus
836 1653 962 1684 tomo
985 1647 1025 1685 6.
1048 1656 1091 1703 p.
1121 1653 1225 1698 147.
1244 1640 1304 1684 ait
1326 1640 1422 1699 regi
1442 1636 1606 1686 Perfiae
1630 1640 1869 1701 quotannis
1897 1641 2049 1687 redire

29 1738 33 1741 -
107 1705 256 1751 tricies
279 1720 320 1750 et
356 1703 423 1749 bis
449 1703 630 1750 millena
666 1706 805 1751 millia
832 1704 1046 1752 librarum
1070 1706 1375 1753 Gallicarum:
1430 1705 1628 1754 Adamus
1658 1706 1862 1753 Olearius
1906 1705 2049 1755 offies

108 1771 289 1818 millena
328 1770 603 1817 thalerorum
646 1773 810 1828 millia,
860 1790 1054 1835 quorum
1097 1771 1256 1834 finguli
1293 1787 1381 1819 tres
1416 1774 1567 1819 valent
1618 1772 1752 1820 libras
1783 1773 2047 1822 Gallicanas.

111 1837 285 1886 Confer
305 1837 545 1886 Barnabam
567 1837 835 1887 Briffonium
857 1840 912 1887 de
930 1841 1057 1903 regio
1076 1839 1304 1889 Persarum
1325 1842 1583 1906 principatu
1600 1839 1677 1888 lib.
1710 1858 1746 1889 1.
1769 1857 1817 1906 p,
1832 1855 1925 1904 252
1942 1839 2051 1905 sqq.†

243 1977 322 2020 1V.
360 1978 430 2022 De
462 1975 702 2030 reditibus,
739 1976 908 2023 aerario
945 1981 967 2015 5
977 2010 988 2030 ,
1026 1973 1131 2023 fisco
1169 1991 1212 2023 et
1249 1975 1428 2023 tributis
1466 1992 1514 2023 ac
1547 1972 1840 2038 veffigalibus
1880 1975 2048 2022 veteris

106 2044 276 2088 Rornae
305 2041 509 2088 videatur
542 2045 810 2108 Onuphrius
838 2045 1079 2091 Panuinius
1107 2045 1153 2090 in
1183 2045 1379 2110 imperio
1409 2060 1598 2091 romano
1634 2060 1726 2108 cap.
1747 2058 1824 2093 22.
1863 2057 1977 2091 tom.
2005 2057 2049 2090 1.

107 2106 211 2156 thes.
233 2110 473 2156 Graeuiani
493 2127 590 2174 pag.
615 2126 704 2171 441
732 2109 793 2175 sq.
862 2111 943 2157 Iul.
966 2109 1081 2158 Caes.
1106 2112 1379 2174 Bulengerus
1400 2111 1476 2159 lib.
1501 2128 1546 2171 9.
1581 2110 1636 2158 de
1669 2112 1864 2174 impe‘rio
1899 2126 2050 2160 roma-

107 2193 170 2224 no
193 2177 354 2234 (tomo
376 2184 415 2230 8.
436 2180 569 2240 antiq.
593 2179 814 2237 Roman.)
837 2192 880 2224 et
902 2194 1014 2241 quae
1044 2178 1163 2226 libro
1191 2182 1323 2226 tertio
1349 2179 1479 2226 habet
1511 2179 1565 2224 de
1606 2180 1798 2231 aerario,
1835 2175 2044 2239 fiscoque.

107 2241 318 2291 Eiusdem
352 2244 589 2305 Bulengeri
619 2243 733 2290 liber
762 2246 822 2291 de
852 2245 1030 2292 tributis
1056 2264 1104 2292 ac
1138 2245 1429 2306 veE'tigalibus
1466 2245 1629 2309 populi
1665 2246 1841 2291 romani
1871 2244 2046 2307 prodiit

107 2310 301 2358 Tolosae
330 2313 464 2359 16¹2.
492 2319 532 2367 8.
554 2327 596 2357 et
617 2309 837 2360 subiefiius
860 2311 921 2359 est
952 2316 1131 2375 vtrique
1161 2313 1351 2363 editioni
1381 2310 1587 2358 tragiatus
1620 2310 1938 2374 Christophori
1960 2314 2046 2357 Be·-

109 2376 220 2425 foldi
244 2380 300 2433 de
317 2381 487 2426 aerario
506 2377 714 2442 publico,
751 2379 991 2441 Tubingae
1021 2387 1222 2434 16185et
1249 2377 1416 2426 auEiius
1439 2375 1644 2426 Francof.
1674 2386 1814 2426 1620.
1838 2394 1881 2440 4.
1953 2379 2044 2424 His

0 2494 1 2498 ,
109 2445 572 2510 addendusticolaus
594 2447 846 2507 Bergierius
865 2446 940 2494 lib.
970 2444 1005 2493 t.
1030 2448 1084 2495 de
1105 2446 1298 2512 publicis
1320 2447 1503 2510 imperii
1527 2445 1704 2492 romani
1727 2445 1815 2490 viis
1838 2458 1947 2491 tom.
1969 2459 2042 2495 ιο.
2114 2448 2117 2449 ’

0 2539 1 2545 =
51 2546 69 2553 -
109 2515 270 2564 Graev.
295 2513 372 2563 lib.
401 2529 439 2569 1.
462 2511 564 2563 sest.
598 2527 670 2567 12.
690 2528 734 2562 et
755 2511 816 2578 sq.
837 2528 880 2563 et
899 2511 1093 2565 sestione
1117 2530 1192 2565 21.
1215 2513 1295 2563 vbi
1314 2514 1369 2562 de
1393 2515 1583 2579 pecunia
1602 2510 1858 2561 manubiali.
1878 2512 2043 2626 stChri-

1916 2595 2043 2627 tanus

162 2695 177 2727 ⁵
209 2691 380 2736 Paullum
411 2692 660 2747 Manutium,
699 2693 765 2751 qui
797 2692 934 2751 triplex
974 2694 1159 2739 aerarium
1197 2693 1331 2751 fingit,
1368 2707 1487 2738 vnum
1519 2689 1750 2749 triumphale
1786 2690 1832 2733 de
1853 2690 1978 2744 spoliis
2004 2700 2044 2732 et

103 2749 326 2796 manubiis,
353 2749 514 2794 stnfitius
534 2755 695 2793 alterum
709 2784 719 2802 ,
747 2754 787 2794 in
808 2762 886 2806 q'uo
906 2762 1040 2793 aurum
1064 2752 1351 2798 vicefimarium‚
1378 2763 1415 2792 et
1434 2753 1585 2792 tertium
1603 2752 1640 2791 in
1659 2764 1739 2802 quo
1765 2761 1911 2788 annuae
1929 2747 2043 2788 vessi-

105 2802 249 2856 galium
269 2805 464 2859 pen'fiones
483 2808 664 2864 repositae
681 2808 838 2862 fuerint,
858 2808 994 2853 refellit
1016 2809 1211 2864 Philippus
1230 2809 1424 2853 Rubenius
1443 2808 1508 2850 lib.
1537 2820 1569 2852 1·
1592 2806 1797 2851 detiorum
1817 2816 1898 2859 cap.
1920 2813 1989 2857 24.
