2263 3027
792 127 799 135 '
861 129 1246 189 COLONIATE.
1271 173 1274 175 >
1466 181 1469 183 .
1924 137 2018 198 725

91 264 308 330 pletiores
325 252 502 312 recusae
522 259 637 312 sunt.
684 260 832 329 ‚Idem
865 261 1139 308 Heineccius
1171 258 1505 324 Antiquitatum
1534 261 1774 322 Romanar.
1794 258 2022 324 iurispru-

93 334 289 379 dentiam
312 330 625 380 illustrantium
646 327 946 395 syntagmate,
980 346 1024 393 p.
1047 336 1140 377 262
1163 325 1253 392 sqq.
1290 343 1333 374 et
1362 327 1463 384 Alb.
1490 331 1656 376 Dieter.
1679 326 1869 375 Trekell
1895 342 2024 392 parte

91 402 240 464 prima
265 398 524 448 seleRarum
553 399 864 462 antiquitatum
887 399 1215 452 Romanarum,
1251 392 1383 461 supra
1413 413 1510 461 pag.
1534 413 1611 457 95.
1641 396 1939 450 laudatarum,
1976 397 2024 442 in

93 484 179 530 qua
199 467 475 532 p0tiffimum
504 468 650 529 agitur
677 465 738 512 de·
759 467 856 512 iure
884 465 1094 518 ciuitatis,
1132 466 1407 527 Qiritium,
1443 467 1579 519 Latii,
1614 463 1790 522 Italico,
1828 463 2026 511 colonia-

13 539 17 543 ’
91 551 196 580 rum
224 550 355 600 atque
386 535 752 598 municipiorum.
820 532 937 578 Vide
969 547 1012 578 et
1045 531 1284 577 Seldenum
1319 535 1373 580 11.
1399 532 1455 578 de
1482 531 1712 595 Synedriis
1740 549 1783 596 p.
1806 534 1868 578 62
1888 528 1949 593 sq.
1982 545 2026 578 et

91 602 443 650 Tillemontium
465 605 513 649 in
541 599 741 648 Historia
763 601 1114 664 Imperatorum,
1147 600 1237 644 vita
1267 600 1529 651 Caracallae,
1574 614 1713 661 tomo?
1735 614 1778 661 3.
1811 600 1946 646 Artic.
1981 606 2024 654 8.

92 671 163 715 De
185 676 280 716 iure
289 674 529 734 Qiritium
539 667 759 730 sigillatim
775 671 880 714 vide
899 672 959 713 10.
973 666 1145 713 Frider.
1159 665 1403 712 Christium
1416 664 1635 714 NoRiurn
1653 666 1898 714 Academie.
1909 669 1965 711 ΙΙ.
1981 674 2025 716 6.

91 737 293 784 Vonckii
325 735 414 784 obs.
450 754 494 801 p.
525 751 631 785 101.
701 734 953 783 Onufrium
983 735 1250 781 Panuinium
1273 737 1326 778 II.
1355 745 1425 789 18.
1456 736 1658 797 antiquit.
1682 731 2023 784 Veronensium.

92 804 216 853 Ioan.
237 809 383 852 Henr.
406 804 546 868 Mylii
575 802 946 857 dissertationem,
983 799 1154 865 Lipsiae
1183 815 1309 859 1732
1333 802 1519 855 editam,
1555 800 1840 866 recusamque
1861 803 1907 847 in
1931 804 2025 853 eius

93 869 331 936 Opusculis
352 872 494 933 Lugd.
516 876 661 919 Batav.
687 879 830 932 1738.
850 880 892 934 8,.
915 870 1044 918 editis
1064 886 1110 933 p.
1137 877 1162 924 8
1177 884 1192 914 1
1221 866 1314 932 sqq.
1342 885 1385 915 et
1404 873 1559 917 Franc.
1593 873 1689 915 Car.
1722 868 1921 917 Conradi
1946 867 2031 916 dis·

89 935 375 987 sertationem
404 940 458 986 de
487 941 584 987 iure
616 940 918 1004 Qiritium'a
946 939 1344 993 ciuitateRomana
1373 946 1466 983 non
1502 934 1702 990 diuerso,
1756 934 2035 984 Helmstadii*

99 1020 224 1069 1742
252 1006 428 1055 editam.
494 1011 565 1055 De
583 1013 679 1054 iure
703 1008 846 1053 Italico
872 1004 1110 1053 Christiani
1132 1003 1336 1052 Gottlieb
1369 1005 1614 1052 Schwarzii
1643 1002 1870 1069 specimen
1898 1005 2026 1051 iuris·

89 1074 358 1138 prudentiae
379 1076 651 1139 antiquariae
674 1075 729 1122 de
748 1077 848 1122 iure
870 1075 1037 1121 Italico.
1061 1070 1273 1121 Altdorfii
1304 1088 1427 1130 ¹720
1451 1073 1636 1119 editum.
1706 1072 2027 1118 ColoniaeaRo·

90 1156 221 1188 mana
253 1143 396 1190 veluti
433 1145 600 1191 ciuium
639 1143 920 1191 examinibus
949 1141 1153 1190 conditae
1184 1140 1487 1207 quadruplicis
1517 1141 1695 1201 generis
1729 1153 1853 1186 erant
1880 1140 2029 1202 quo-ad

89 1209 449 1269 immunitatem,
485 1212 582 1259 aliis
612 1211 923 1267 remittebatur
952 1209 1170 1258 tributum
1203 1210 1380 1273 capitis,
1411 1208 1507 1254 aliis
1538 1205 1681 1253 solum
1706 1209 1911 1253 immune
1940 1222 2031 1255 erat

91 1275 180 1340 (Vt
201 1279 407 1325 Coloniis
424 1280 540 1325 'iuris
561 1281 735 1342 Italici)
758 1282 854 1327 aliis
874 1295 1141 1342 Vtrumque,
1165 1276 1284 1339 ‘aliae
1306 1276 1502 1340 denique
1521 1291 1644 1322 erant
1664 1276 1879 1331 Coloniae
1900 1272 2031 1322 saluis

92 1343 295 1398 tributis,
331 1345 496 1407 quibus
519 1363 674 1394 neutra
696 1348 1058 1394 remittebantur:
1077 1341 1268 1391 'Confer
1289 1341 1541 1390 Onufrium
1563 1344 1828 1389 Panuinium
1861 1341 1918 1389 Il.
1953 1359 1971 1392 1
1986 1360 2029 1401 3.

91 1411 297 1473 antiquit.
320 1412 662 1467 Veronenfium.
731 1417 846 1460 Sam.
871 1414 1063 1459 Petitum
1089 1412 1145 1460 ll.
1164 1426 1210 1472 4.
1231 1406 1335 1456 Obs.
1358 1425 1401 1455 et
1423 1409 1519 1455 Val.
1540 1409 1716 1456 Alberti
1735 1407 1942 1459 dissertat.
1972 1410 2028 1457 de

94 1477 301 1528 coloniis.
332 1477 506 1544 Lipfiae
540 1485 660 1540 1671
699 1479 909 1529 habitam.
978 1478 1189 1525 Colonias
1211 1479 1433 1522 Romanas
1466 1479 1585 1523 LIII.
1618 1476 1780 1524 ordine
1809 1479 2029 1541 temporis

94 1555 187 1606 quo
210 1544 422 1593 dedustae
443 1544 564 1604 sunt,
598 1546 739 1596 refert
759 1549 968 1609 Sigonius
987 1546 1043 1592 ad
1062 1546 1186 1592 Liuii
1204 1546 1389 1590 XXVII.
1414 1561 1459 1603 9.
1530 1542 1683 1591 Plures
1704 1543 1864 1592 ordine
1885 1545 2031 1610 alpha-

93 1610 243 1658 beti-co
263 1613 471 1661 Goltzius
492 1632 538 1680 p.
562 1623 657 1679 236
684 1613 779 1680 sqq.
804 1612 997 1661 thesauri
1025 1614 1091 1658 rei
1112 1612 1395 1674 antiquariae.
1471 1611 1668 1658 Mic'hael
1682 1613 1906 1659 Antonius
1918 1617 2031 1660 Bau-

92 1678 236 1725 drand
259 1694 302 1726 et
320 1698 375 1727 ex
396 1698 450 1728 eo
473 1683 540 1739 Io.
559 1683 639 1730 lac.
660 1680 956 1730 Hofmannus
981 1681 1029 1726 in
1050 1680 1234 1733 Lexic0,
1255 1694 1369 1724 voce
1382 1678 1583 1728 Colonia.
1639 1680 1789 1726 Prima
1809 1694 1934 1728 extra
1948 1680 2030 1729 lta-

91 1745 199 1792 liam
210 1742 390 1795 colonia
405 1746 627 1810 Carthago
641 1752 822 1804 condita
833 1745 895 1796 est
903 1747 1178 1796 Gracchanis
1195 1744 1382 1808 legibus.
1423 1746 1973 1798 VelleiusPaterculus11.1
1988 1764 2030 1806 ς.

90 1815 163 1860 De
183 1814 477 1863 Coloniarum
499 1819 672 1871 ratione
691 1815 791 1881 post
813 1814 1014 1880 Lipsium
1039 1814 1102 1862 de
1121 1813 1432 1874 magnitudine
1459 1812 1584 1860 vrbis
1614 1817 1806 1871 Rornae,
1842 1830 1887 1862 et
1905 1817 2030 1878 Sigo-

91 1881 223 1927 nium
244 1881 300 1928 de
321 1885 506 1947 antiquo
529 1886 626 1931 iure
647 1885 796 1931 Italiae
817 1884 992 1930 erudite
1020 1885 1086 1928 M.
1109 1878 1318 1927 Velserus
1339 1879 1457 1926 libro
1480 1883 1558 1927 IV.
1580 1899 1731 1929 rerum
1757 1881 2030 1945 Augustam-

94 1963 220 2003 rum,
264 1963 321 1994 et·
346 1953 471 1998 Ioan.
502 1955 670 2013 Geor-g.
703 1952 938 1998 Scherzius
968 1950 1016 1995 in
1043 1946 1206 1996 differt.
1232 1949 1288 1994 de
1315 1949 1530 1996 Coloniis.
1564 1952 1853 2011 Argentorati
1887 1966 1975 2012 171
1994 1968 2031 1997 ῐ.

93 2014 215 2061 Vide
244 2016 376 2062 etiam
397 2018 623 2066 An'dream
647 2019 883 2065 Schottum
910 2018 1030 2064 notis
1055 2015 1109 2063 ad
1137 2015 1386 2070 Velleium,
1426 2030 1471 2063 et
1491 2016 1546 2063 ad
1569 2019 1843 2064 Frontinum
1873 2018 1928 2065 de
1949 2021 2032 2065 Co-

94 2081 247 2128 loniiS.
314 2086 386 2130 De
419 2088 668 2133 reuerentia
684 2087 981 2132 Coloniarum
1003 2097 1106 2146 erga
1138 2083 1300 2131 vrbem
1328 2098 1540 2138 matrem,
1573 2088 1799 2150 Rupertus
1824 2103 1925 2150 pag.
1950 2094 2031 2144 98.

19 2183 31 2189 -
95 2150 152 2196 ad
170 2149 383 2204 Florum,
422 2149 500 2213 qui
518 2167 564 2201 et,
584 2153 640 2199 de
656 2153 847 2200 Vtilitate
867 2169 1019 2200 earum
1051 2152 1274 2199 videndus
1300 2169 1346 2216 p.
1375 2165 1467 2202 102
1487 2150 1548 2215 sq.
1617 2156 1687 2199 De
1715 2157 1917 2201 Patronis
1945 2156 2031 2199 Co·
2099 2176 2102 2181 ·

95 2217 323 2264 loniarum
355 2218 444 2278 agit
470 2220 623 2264 Petrus
640 2220 893 2283 Polydorus
924 2224 983 2267 T.
1005 2223 1106 2267 VII.
1138 2217 1350 2282 Opuscul.
1383 2217 1663 2265 scientificor.
1694 2237 1793 2284 pag.
1816 2235 1915 2282 417
1937 2217 2027 2283 sqq.

93 2287 166 2332 De
199 2284 389 2331 coloniis
427 2286 710 2333 Graecorum
737 2289 784 2333 in
817 2287 915 2335 Asia
946 2288 1072 2333 locus
1105 2285 1289 2346 insignis
1319 2284 1381 2331 est
1411 2285 1529 2348 apud
1563 2288 1826 2333 Vitruuium
1872 2290 1951 2334 IV.
1991 2302 2029 2332 1.

97 2352 228 2400 Adde
249 2349 509 2398 Tristanum
537 2351 597 2400 Il.
627 2369 670 2416 p.
694 2368 807 2410 204.
875 2358 943 2400 De
967 2353 1221 2400 eruditione
1241 2356 1522 2399 Graecorum
1542 2369 1625 2416 per
1650 2354 1846 2400 colonias
1869 2370 2030 2400 eorum

96 2435 342 2486 propagata
363 2419 470 2465 vide
492 2418 720 2465 Lamberti
740 2420 852 2467 Bofii
885 2423 1137 2468 orationem
1169 2413 1476 2483 inauguralem
1505 2420 1701 2466 habitam
1724 2423 2033 2485 Franequerae

97 2495 153 2537 A.
183 2501 337 2548 1704>
392 2489 446 2532 In
467 2487 615 2532 numis
638 2483 1074 2553 Coloniae'plebeiae
1096 2503 1265 2540 aratr0,
1305 2487 1520 2534 militares
1540 2485 1665 2548 figno
1696 2486 2029 2536 militari‘com-

97 2556 296 2620 munirer
317 2553 600 2601 denotantur.
672 2554 798 2616 Qae
826 2571 1019 2606 aratrum
1047 2570 1090 2603 et
1113 2553 1230 2616 signa
1253 2556 1468 2617 iungunt,
1503 2554 1702 2601 indicant
1731 2557 1925 2619 primam
1947 2556 2029 2605 de-

101 2619 362 2670 duffionem
390 2638 414 2669 e
442 2621 634 2674 ciuibus,
678 2619 1040 2686 supplementum
1071 2640 1095 2669 e
1124 2624 1347 2669 veteranis
1377 2619 1595 2668 militibus
1626 2619 1780 2676 fuiffe,
1823 2638 1875 2670 vt
1904 2638 2029 2671 notat

100 2688 243 2751 Raph.
263 2687 497 2736 Fabrettus
515 2688 569 2736 ad
589 2688 858 2736 Columnam
884 2692 1123 2738 Traianam
1153 2706 1198 2754 p.
1230 2706 1289 2740 10
1306 2687 1386 2753 sq..
1434 2692 1504 2735 De
1537 2689 1741 2736 Coloniis
1766 2690 2028 2738 militaribus

102 2770 216 2869 φῇ
246 2755 462 2867 ἶῃίΙὶῑὶὺιιε
491 2758 713 2823 veteranis
743 2757 961 2812 dabantur
982 2776 1006 2809 a
1024 2757 1145 2825 Sylla
1170 2757 1397 2820 primum,
1431 2756 1593 2809 deinde
1610 2774 1635 2809 a
1657 2755 1838 2809 Caesare
1863 2774 1907 2807 et
1932 2759 2029 2805 aliis

217 2836 244 2878 9
266 2830 341 2872 42·
377 2839 404 2880 Y
474 2875 475 2878 Ἴ
1157 2826 1211 2876 N
1234 2843 1244 2865 .·
1543 2824 1546 2827 ’
1612 2847 1632 2858 ..
1921 2827 2028 2890 (vn-

446 2902 493 2914 ⁴⁸..-
