2263 3027
767 117 863 169 ET
896 107 1348 168 PONDERIBVS.
1381 150 1384 155 -
1914 125 2011 176 809

27 287 34 288 κ
83 246 184 296 ium
208 262 251 295 et
270 247 534 311 ponderum
549 245 773 312 pretiique
797 259 952 290 rerum
974 241 1199 288 venalium
1216 278 1228 297 ‚
1265 241 1401 288 variis
1424 237 1798 287 dissertationibus
1819 238 2015 303 explica-

82 331 150 362 tae
173 332 214 362 et
237 317 456 380 exemplis
475 312 732 367 illustrata-e3
767 327 878 374 quae
899 310 1075 372 anglico
1095 307 1300 356 sermone
1320 309 1589 373 prodierunt
1601 307 1802 355 Londini
1819 320 1958 367 1727.
1970 321 2015 365 4.

83 399 127 430 et
148 401 201 430 ex
226 384 394 444 anglica
424 385 470 429 in
501 382 680 430 latinam
707 380 906 440 linguam
938 375 1196 431 conuersae,
1240 393 1376 441 opera
1397 380 1510 424 Dan.
1538 377 1761 440 Koenigii.
1782 371 2015 421 Vltraieffi

85 459 229 510 1756.
253 469 293 508 4.
362 454 432 497 De
450 445 652 496 PeIresci‘i
674 445 818 493 studio
839 448 1032 493 rationes
1052 445 1308 510 ponderum
1331 462 1373 492 et
1396 444 1703 493 mensurarum
1728 443 2014 509 expediendi,

82 519 188 565 vide
220 520 476 565 Centuriam
510 515 748 563 secundam
780 515 1100 561 Fabricianum.
1172 518 1242 560 De
1282 515 1430 560 modis
1471 510 1755 561 mensurandi
1795 510 2015 557 distantias

81 586 288 633 locorum
310 602 485 652 praeter
515 584 596 632 Ed.
629 583 938 630 Bernhardum
970 580 1128 630 confer
1160 584 1428 629 Martiuierii
1463 583 1639 629 lexicon
1660 580 2014 643 geogr-‹iphicum

80 670 183 700 voc.
224 656 493 706 trimenstres,
529 648 745 707 mesure83
793 653 864 698 cui
892 653 1048 712 iungas
1083 654 1145 696 Io.
1170 652 1361 711 Georgii
1382 650 1700 697 Liebknechtii
1723 646 1934 694 defideria
1958 645 2012 691 ad

79 718 306 768 mensuras
327 720 551 786 speciatim
576 720 898 783 geographicas
921 734 962 764 et
983 718 1259 781 geodaeticas
1279 719 1474 778 generali
1503 734 1544 764 et
1569 715 1764 764 feliciori
1792 713 2010 761 methodo

79 788 318 836 aestimatas
335 785 639 850 redusiasque.
661 786 806 834 Giffae
837 799 974 846 1721.
1027 789 1339 832 Romanorum
1363 783 1592 833 mensurae
1619 785 1808 849 triplicis
1829 781 2011 829 fuerunt

78 860 280 918 generis,
313 859 592 920 liquidorum,
633 858 859 901 aridorum
882 867 923 900 et
944 857 1291 906 interuallornm‚
1327 870 1522 917 quorum
1543 853 1730 914 singulas
1751 849 1916 915 species
1947 865 2012 895 re-

80 923 225 971 censet
256 924 572 971 celeberrimus
599 924 630 971 Ι.
654 927 702 970 Ε.
726 927 759 970 I.
783 923 1011 970 Walchius
1045 922 1098 968 ad
1121 922 1300 969 Cellarii
1332 921 1570 985 compend.
1602 928 1654 968 A.
1676 923 1728 964 R.
1764 936 1807 981 p.
1834 933 1927 979 590
1949 913 2010 979 sq.

77 996 147 1039 De
165 992 367 1056 pondere
389 991 700 1038 Romanorum
736 987 896 1037 confer
921 990 1193 1054 Raphaielem
1215 989 1475 1035 Fabrettum
1504 1005 1604 1052 pag.
1633 1003 1721 1047 523
1746 982 1838 1049 sqq.
1870 992 2013 1031 veter.

77 1058 439 1124 inscriptionum.
463 1064 728 1106 Bon-annum
750 1076 796 1123 p.
824 1073 927 1119 173.
955 1056 1095 1106 musei
1115 1059 1407 1105 Kircheriani.
1477 1059 1729 1119 Rupertum
1750 1054 1802 1099 ad
1824 1051 2013 1098 Florum

75 1145 176 1194 pag.
200 1144 310 1177 221.
380 1127 558 1178 Ludov,
588 1130 744 1175 Franc.
779 1127 834 1173 de
866 1128 904 1172 la
933 1124 1445 1182 Barrezdiffertationem
1470 1123 1524 1170 de
1555 1122 1666 1169 libra
1695 1137 1867 1167 roman.
1902 1136 2012 1182 quae

75 1195 210 1243 exstat
232 1211 342 1242 tom.
372 1212 388 1244 1
404 1212 443 1244 2.
467 1199 663 1242 Memor.
689 1195 821 1242 Acad.
845 1192 1129 1259 Inscription.
1151 1211 1250 1258 pag.
1272 1211 1287 1243 ι
1314 1190 1406 1257 sqq.
1436 1193 1538 1238 edit.
1563 1189 1805 1238 Amstelod.
1828 1204 1870 1235 et
1892 1191 1936 1234 P.
1957 1187 2012 1233 de

73 1266 214 1326 Vitry
244 1262 414 1327 epistol.
442 1263 496 1310 de
525 1263 804 1327 ponderibus
838 1279 882 1318 er,
907 1265 1418 1309 mouetaRomanorum
1446 1257 1654 1306 insertam
1688 1274 1878 1304 memor.
1900 1259 2018 1301 Tre-

75 1331 264 1377 uultinis
285 1337 334 1377 A.
362 1344 501 1389 1729.
526 1348 569 1393 p.
597 1343 715 1387 1252
737 1329 830 1392 sqq.
899 1333 968 1374 De
986 1331 1101 1393 pede
1121 1332 1305 1391 antiquo
1326 1333 1532 1374 Romano
1555 1324 1734 1373 consule
1756 1326 1941 1375 Hirium
1964 1324 2011 1367 in

76 1413 269 1444 memor.
288 1397 406 1443 acad.
426 1394 776 1460 inscriptionum
794 1402 846 1442 A.
873 1410 1013 1456 1714.
1042 1412 1088 1460 p.
1114 1411 1135 1452 ς
1151 1410 1167 1442 1
1187 1411 1201 1444 ι
1228 1394 1318 1459 sqq.
1343 1412 1384 1442 et
1407 1395 1626 1442 Reuillafii
1647 1390 2012 1445 dissertationem,

76 1481 188 1529 quae
214 1463 452 1512 exhibetur
482 1479 594 1512 tom.
621 1479 661 1523 3.
690 1461 1042 1510 dissertationum
1074 1463 1338 1528 Academiae
1368 1461 1654 1510 Cortonensis
1673 1479 1770 1526 pag.
1799 1473 1884 1507 111
1915 1455 2012 1520 sqq.

74 1548 120 1578 et
139 1533 471 1580 Ioan.·Graeuii
490 1531 657 1578 librum
683 1532 854 1593 anglice
881 1530 1130 1577 editumde
1151 1532 1263 1596 pede
1283 1535 1489 1578 Romano
1520 1546 1563 1577 et
1589 1531 1785 1577 denario.
1808 1526 2013 1573 Londini.

80 1607 222 1661 1647.
243 1607 285 1656 8.
355 1603 426 1646 De
443 1599 560 1664 pede
578 1616 737 1661 graeco
771 1596 929 1645 confer
951 1598 1014 1645 les
1025 1600 1192 1645 Ruines
1213 1600 1289 1645 des
1310 1601 1412 1664 plus
1431 1600 1571 1646 beaux
1595 1602 1880 1651 Monumens
1894 1594 1948 1639 de
1970 1593 2010 1639 la

75 1670 224 1714 Grece
245 1684 326 1732 par
346 1671 435 1713 Mr.
459 1668 501 1713 le
522 1671 639 1730 Roy.
659 1666 828 1713 Parisiis
854 1675 992 1728 1758.
1014 1664 1096 1716 fol.
1119 1668 1171 1713 ad
1192 1665 1330 1714 finem
1356 1669 1501 1733 partis
1528 1669 1712 1731 primae.
1736 1663 1918 1709 Talenti
1938 1678 2016 1707 va-

73 1738 160 1782 rias
182 1733 524 1796 significationes
546 1735 663 1798 apud
684 1733 922 1799 scriptores
941 1736 1082 1782 medii
1110 1737 1209 1782 aeui
1238 1733 1435 1783 recenset
1455 1737 1649 1796 Cangius
1671 1735 1725 1779 ad
1749 1728 2010 1778 Alexiadem

72 1819 174 1867 pag.
193 1818 291 1865 400
318 1799 410 1866 sqq.
478 1805 548 1848 De
572 1802 844 1865 decempeda
861 1804 967 1849 vide
987 1802 1242 1850 Salmafium
1271 1819 1369 1868 pag.
1400 1807 1499 1861 682
1528 1800 1589 1866 sq.
1621 1802 1808 1848 Plinian.
1844 1797 2011 1844 exerci-

50 1874 310 1919 'tationunm
383 1873 452 1916 De
471 1871 659 1934 pecunia
680 1886 886 1917 veterum
909 1874 1220 1919 Rornanorum
1243 1870 1423 1936 eiusque
1444 1875 1592 1936 pretio
1621 1865 2009 1917 commendandus

74 1939 209 1984 vnice
230 1941 293 1983 10.
317 1938 436 1983 Frid.
459 1939 689 1985 Gronouii
710 1937 948 2002 exquisitus
973 1940 1026 1985 de
1048 1937 1252 1986 sestertiis
1271 1941 1643 1987 commentarius,
1675 1935 1806 2000 supra
1827 1951 1868 1998 p.
1892 1939 2008 1993 708.

75 2007 163 2052 iam
186 2003 316 2051 nobis
342 2005 563 2059 laudatus,
610 2023 665 2053 ex
685 2006 893 2070 pleniore
922 2008 1122 2054 editione
1150 2011 1230 2054 Iac.
1252 2009 1481 2054 Gronouii
1501 2005 1608 2064 filii,
1643 2004 1785 2065 Lug-d.
1809 2007 2008 2048 Batavor.

33 2108 36 2112 -
80 2082 220 2131 1691.
242 2089 286 2134 4.
358 2075 427 2118 De
448 2075 636 2135 pecunia
659 2073 1002 2137 etponderibus
1022 2078 1302 2123 Graecorum
1325 2077 1446 2122 varia
1474 2090 1626 2121 notatu
1647 2074 1780 2133 digna
1807 2065 2009 2114 obseruat

76 2142 163 2187 Vir
192 2137 519 2185 Eruditiffimus
562 2144 749 2186 loannes
780 2144 1024 2204 Taylorius
1057 2145 1102 2190 in
1134 2145 1460 2191 commentario
1499 2158 1542 2189 et
1571 2143 1688 2187 notis
1727 2141 1777 2184 ad
1810 2150 2010 2182 marmor

24 2250 39 2259 ,
70 2204 394 2262 Sanduicense,
424 2206 732 2269 Cantabrigiae
756 2223 895 2270 1743.
917 2227 961 2272 4.
1037 2211 1204 2258 Vtrum
1228 2208 1491 2257 numismata
1510 2208 1752 2270 antiquitus
1782 2205 1882 2249 loco
1911 2201 2009 2246 vul·

76 2280 191 2338 garis
223 2291 429 2321 monetae
460 2291 636 2338 recepta
666 2272 866 2334 fuerint,
912 2276 1118 2341 disquirit
1149 2294 1193 2326 et
1222 2293 1376 2324 contra
1401 2275 1558 2323 Sebast.
1588 2275 1789 2320 Erizium
1821 2267 2010 2315 affirmat

43 2362 54 2405 j
76 2344 336 2390 Ludouicus
359 2346 544 2389 Sauotus
571 2345 618 2389 in
648 2344 873 2406 praeclaro
898 2363 1036 2411 opere
1060 2345 1116 2391 de
1147 2342 1486 2392 numismatibus
1511 2343 1727 2404 antiquiS,
1767 2336 1888 2400 quod
1919 2335 2009 2397 gal-

75 2410 159 2457 lice
180 2408 305 2456 Paris.
341 2417 478 2469 1627.
503 2429 547 2466 4.
571 2426 613 2456 et
637 2410 768 2458 latine
792 2429 845 2458 ex
871 2417 920 2460 C.
948 2417 1001 2460 V.
1035 2413 1267 2477 Ludolphi
1288 2413 1494 2458 Neocori
1517 2411 1887 2471 interpretatione
1908 2419 2012 2467 pro-

36 2493 41 2500 ·
77 2478 160 2528 diit
187 2494 314 2524 torno
346 2478 589 2524 vndecimo
623 2476 815 2524 thesauri
853 2482 1106 2528 Graeuiani.
1177 2480 1322 2527 Multa
1346 2482 1474 2525 etiam
1500 2481 1545 2525 in
1573 2489 1810 2536 Vtramque
1837 2486 2012 2537 partem

77 2546 158 2592 hac
179 2547 233 2593 de
254 2564 303 2592 re
324 2544 540 2610 disputata
561 2547 716 2594 videre
744 2546 846 2594 licet
865 2549 913 2596 in
930 2544 1166 2597 memoriis
1186 2548 1467 2596 Treuultinis
1489 2553 1540 2596 A.
1564 2560 1582 2594 1
1597 2557 1710 2609 707·
1735 2557 1834 2606 pag·
1867 2550 2006 2611 1085·

0 2624 18 2645 *³
77 2627 120 2661 et
138 2619 192 2663 A.
218 2628 357 2677 1709.
378 2630 422 2679 p.
445 2631 505 2678 93
530 2611 591 2680 sq.

1860 2777 2007 2857 CA-
