2263 3027
565 103 685 158 RES
720 103 1056 159 NAVTICA
1091 68 1472 179 vis-mam
1909 122 2005 170 819

74 227 192 295 plius
209 230 262 278 ad
286 231 494 277 Tacitum
516 247 616 296 pag.
646 239 721 288 82.
755 244 798 278 et
828 228 1149 294 antiquiffimos
1180 233 1376 298 populos
1405 230 1528 282 ausos
1560 233 1904 297 longinquiores
1939 251 2011 281 na-

75 300 326 359 uigationes
340 298 412 344 vel
433 315 550 345 certe
572 315 665 345 non
687 300 833 344 minus
852 313 1046 344 remotas
1068 295 1288 366 suscipere
1311 318 1443 365 quam
1466 316 1545 348 eos
1567 318 1679 364 quos
1699 299 1878 365 sequior
1899 316 2013 349 aetas

76 366 204 419 tulit,
242 367 460 430 exemplis
482 366 652 429 aliquot
674 363 946 411 demonstrat
970 369 1165 414 Huetius
1187 371 1233 415 in
1259 367 1350 415 diff.
1367 369 1422 416 de
1445 370 2012 430 nauigationes-alomonis,

76 431 216 482 Amst.
238 442 378 494 1698.
409 444 446 485 8.
471 449 514 480 et
535 436 579 479 in
600 431 914 496 supplemento
937 435 1209 482 Criticorum
1230 433 1453 483 sacrorum
1482 437 1601 482 edito
1627 435 1915 483 Francofurti
1930 434 2015 483 fol.

76 502 245 556 Nauis,
283 517 392 564 quae
414 503 546 547 remis
568 499 767 553 ducitur,
802 497 908 563 «ζῶον
926 500 1157 552 πολύπους
1187 504 1308 549 audit
1326 501 1682 568 Synefio'Epists
1699 518 1802 565 147.
1835 520 1878 568 p.
1900 510 2014 564 285.

40 574 44 577 ’
73 569 146 614 De
167 569 355 621 ratibus,
391 567 550 631 quibus
592 568 786 612 maxima
820 585 956 614 onera
988 584 1030 613 et
1058 565 1227 616 insanas
1249 569 1547 617 obeliscorum
1580 570 1723 617 moles
1743 585 2015 634 transporta-

76 650 182 681 runt
213 653 406 688 vetere8‚
444 631 655 681 differunt
686 636 925 681 Kircherus
953 636 1000 680 in
1033 634 1226 683 obelisco
1256 638 1510 702 Pamphilio
1541 652 1583 684 et
1617 635 1744 684 tomo
1769 651 1815 687 2.
1846 638 2017 702 Oedipi

76 717 200 766 parte
223 717 262 751 2.
298 715 392 767 pag.
421 717 509 762 3¹5
537 698 596 764 sq.
637 717 679 747 et
710 704 852 749 Mich.
891 703 1091 763 Angelus
1121 702 1382 759 Chauffaeus
1417 707 1463 750 in
1494 705 1676 769 epistola
1709 705 1762 751 de
1791 705 2015 752 Columna

76 773 295 817 Antonini
320 771 387 815 P-i'r
410 786 565 816 recens
584 770 766 815 inuenta
790 773 957 816 Romae
977 771 1024 815 in
1049 787 1208 835 campo
1238 773 1434 830 Martio,
1471 774 1516 818 in
1538 772 1915 836 Ephemeridibus
1941 771 2017 818 lit„

74 841 248 884 ter-ariis
268 833 395 885 Paris.
421 834 473 885 Α.
507 853 640 898 ¹704.
669 852 781 885 tom.
808 850 850 886 2.
883 853 926 900 p.
956 852 1062 897 540.
1131 842 1285 885 Naues
1313 841 1360 884 in
1393 840 1547 885 Indico
1575 854 1706 902 atque
1737 841 2016 903 Aethiopico

0 929 5 932 ·
73 908 187 951 mari
217 902 402 952 restibus
431 905 540 950 olim
566 903 796 965 colligatae
823 920 916 950 non
937 906 1036 968 pice
1065 904 1140 951 vel
1164 906 1318 959 clauis,
1357 903 1415 950 ob
1438 903 1548 952 ferri
1570 907 1830 970 penuriam,
1867 906 2018 954 Vsum-

0 985 3 989 '
73 988 160 1035 que
181 990 203 1019 a
230 973 440 1018 Romanis
463 971 753 1019 interdistum
772 1006 784 1026 ‚
821 989 912 1018 non
935 971 993 1017 ob
1016 969 1226 1037 scopulos
1256 989 1280 1019 e
1310 987 1530 1033 magnete.
1602 973 1719 1018 Vide
1739 976 2018 1037 Procopium

71 1039 149 1085 lib.
188 1058 223 1088 1.
253 1040 308 1086 de
341 1039 459 1086 bello
493 1038 662 1087 Perfico
695 1057 787 1104 cap.
819 1055 889 1097 19.
920 1056 1019 1104 pag.
1053 1050 1110 1096 58
1133 1037 1193 1102 sq.
1271 1046 1476 1087 Aneorae
1505 1039 1704 1103 lapideae
1735 1045 2019 1102 Argonauta-

70 1123 173 1154 rum
196 1109 365 1154 mentio
390 1105 440 1154 fit
469 1109 515 1153 in
540 1110 717 1154 Arriani
750 1107 929 1172 periplo
952 1109 1084 1153 Ponti
1115 1109 1281 1153 Euxini
1322 1124 1368 1172 p.
1395 1119 1503 1157 121.
1574 1107 1801 1154 Maximae
1822 1111 2020 1155 Graeco-

70 1190 174 1222 rum
199 1191 332 1222 naues
366 1174 473 1222 belli
496 1178 686 1222 Troiani
721 1191 930 1240 tempore
952 1177 1028 1220 vix
1059 1191 1239 1221 centum
1269 1175 1434 1236 viginti
1463 1175 1588 1220 viros
1620 1175 1864 1238 capiebant.
1935 1178 2022 1221 Co-

69 1243 268 1304 rinthios
285 1258 431 1290 autem
459 1246 632 1308 primos
652 1240 753 1289 vsos
776 1241 858 1289 effe
880 1243 1139 1289 triremibus
1162 1242 1459 1306 Thucydides
1491 1239 1645 1287 auEtor
1668 1241 1743 1291 est.
1806 1239 2019 1290 Succeffu

73 1312 295 1373 temporis¹
314 1327 506 1356 maiores
532 1327 662 1362 naues
688 1308 838 1372 paffim
871 1308 1119 1361 aedificatae
1149 1308 1260 1355 sunt.
1330 1309 1444 1354 Vide
1466 1312 1569 1354 Ben.
1594 1309 1808 1373 Aueranii
1828 1307 1921 1354 diff.
1945 1324 2023 1369 13.

74 1377 130 1423 ad
147 1377 426 1439 Euripidem.
497 1380 624 1422 Mare
645 1378 844 1439 primum
869 1376 1044 1436 ingredi
1066 1382 1108 1421 et
1132 1374 1303 1421 classem
1326 1392 1480 1439 parare
1512 1373 1798 1422 instituerunt
1820 1375 2020 1422 Romani

75 1448 134 1491 A.
167 1447 218 1488 V.
249 1447 295 1490 C.
331 1450 442 1491 261.
473 1447 522 1489 L.
558 1443 737 1489 Valerio
771 1443 928 1489 Flacco
965 1458 1007 1488 et
1038 1447 1095 1492 T.
1128 1443 1321 1488 Otacilio
1354 1439 1501 1488 Crasso
1533 1439 1633 1492 coff.
1737 1443 1855 1489 Vide
1886 1443 2020 1506 Poly*

77 1509 204 1556 bium
230 1510 305 1556 lib.
335 1525 369 1558 1.
403 1527 495 1574 cap.
519 1525 595 1559 20.
688 1512 827 1556 Iidem
862 1512 906 1556 in
939 1509 1058 1555 bello
1082 1511 1249 1555 Punico
1281 1511 1432 1573 primo
1466 1526 1603 1572 quum
1631 1524 1756 1557 antea
1785 1525 2022 1573 nunquam

50 1635 54 1640 ,
75 1578 281 1626 naualem
304 1595 500 1642 pugnam
523 1575 702 1624 fuiffent
722 1579 911 1642 experti,
933 1592 1102 1623 tantum
1127 1578 1336 1640 exemplo
1352 1575 1780 1638 Carthaginiensium
1805 1592 1848 1624 et
1869 1594 2021 1624 aemu-

73 1645 241 1691 latione
264 1643 581 1709 profecerunt,
621 1662 669 1692 vt
691 1646 776 1691 illis
803 1648 931 1692 etiarn
965 1641 1217 1708 superiores
1239 1641 1479 1700 euaserint,
1509 1645 1610 1690 licet
1630 1660 1711 1708 per
1740 1643 2021 1709 tempestates

76 1727 121 1760 et
143 1714 316 1777 proelia
342 1714 387 1758 in
409 1715 567 1759 eodem
602 1713 747 1769 bello,
784 1713 906 1776 quod
940 1730 1022 1776 per
1044 1730 1132 1758 xxi.
1156 1728 1295 1759 annos
1322 1712 1520 1767 duratur,
1558 1710 1782 1758 amiserint
1801 1714 2022 1775 quinque-

76 1794 222 1827 remes
248 1777 393 1826 ferme
415 1779 726 1844 septingentas,
747 1777 1131 1840 Carthaginienses
1153 1777 1248 1826 fere
1279 1782 1555 1842 quingentas.
1592 1806 1599 1809 -
1625 1782 1780 1843 Itaque
1803 1779 2021 1842 Polybius

77 1847 151 1893 lib.
202 1863 236 1896 ι.
269 1864 360 1911 cap.
393 1855 469 1907 63.
504 1848 675 1912 proelia
707 1847 874 1893 naualia
907 1849 1150 1907 Antigoni,
1186 1848 1452 1900 Ptolemaei,
1489 1849 1736 1900 Demetrii,
1781 1847 1856 1893 vel
1885 1850 2022 1895 etiam

73 1911 302 1961 Persarum
326 1917 370 1960 in
392 1918 609 1971 Graecos,
647 1929 690 1961 et
716 1913 1053 1961 Atheniensium
1079 1931 1125 1961 ac
1154 1916 1613 1976 Lacedaemoniorum
1643 1917 1758 1961 inter
1779 1911 1867 1960 sese
1888 1930 2022 1978 proe-

73 1981 129 2028 lia
168 1984 387 2027 maritima
417 2000 517 2028 cum
551 1984 650 2029 illis'
674 1979 914 2029 conferens
945 1982 1060 2028 nihil
1095 2000 1174 2046 par
1199 1984 1313 2028 nihil
1338 1979 1580 2028 secundum
1615 1978 1742 2028 fuiffe
1766 1980 2021 2046 profitetur.

75 2053 144 2096 De
166 2050 235 2095 die
257 2053 479 2113 praetoria
510 2055 661 2113 panis,
698 2050 945 2117 ιιαυαξχῖς,
989 2048 1224 2114 conspicua
1256 2065 1346 2096 erat
1375 2052 1558 2110 σημείώ,
1596 2048 1789 2111 inligni3
1845 2052 2022 2114 Appia-

77 2134 162 2164 nus
187 2133 209 2178 5
236 2117 367 2162 Ciuil.
396 2114 605 2176 fol.j703.
632 2115 705 2163 sed
731 2119 786 2163 de
817 2117 952 2164 ηοξῖὲ
980 2121 1222 2183 memnii-1421
1253 2117 1340 2165 siue
1379 2119 1490 2173 luce,
1528 2132 1578 2164 vt
1608 2119 1662 2164 de
1692 2120 1794 2163 naui
1826 2115 2021 2164 Caesaris

75 2185 199 2231 idem
233 2186 463 2247 Appi-<inus
492 2198 520 2231 2
554 2185 684 2229 Ciuil.
718 2182 797 2230 fol.
828 2194 939 2243 483.
997 2188 1124 2232 Adde
1154 2186 1396 2248 Virgilium
1423 2184 1607 2231 Aeneid.
1641 2185 1675 2230 ll
1723 2195 1833 2235 256.
1907 2185 2021 2231 Dio·

77 2269 181 2300 nem
207 2255 362 2298 XLlX.
382 2268 413 2315 p
450 2266 560 2311 402.
586 2253 730 2312 (581.
752 2254 835 2312 R.)
871 2252 1128 2299 Fabrettum
1152 2269 1247 2315 pag,
1282 2270 1290 2297 ι
1315 2261 1382 2307 18.
1407 2251 1459 2296 ad
1482 2252 1739 2297 columnam
1762 2252 2020 2300 Traianam.

20 2330 31 2337 '
77 2322 232 2366 Naues
258 2317 369 2383 ipsas
391 2336 470 2383 per
500 2334 666 2363 terram
695 2317 1029 2384 transportatas‚
1064 2318 1095 2364 fi
1123 2336 1232 2364 mari
1261 2318 1639 2383 prohiberentur,
1676 2319 1838 2364 docent
1859 2321 2020 2363 Meur-

29 2390 45 2404 ’·
78 2385 164 2434 fius
193 2389 238 2433 in
270 2388 581 2434 Panathenaeis
607 2402 653 2449 p:
677 2400 737 2448 30
760 2383 819 2449 sq.
852 2404 893 2433 et
914 2387 1109 2433 Huetius
1137 2388 1182 2432 in
1212 2386 1381 2432 laudata
1415 2383 1740 2447 dissertatione,
1777 2381 1897 2431 conf.
1929 2383 2020 2431 Mi-

82 2455 243 2501 chaelis
264 2458 412 2500 Ducae
433 2452 970 2516 historiamssyzantinam
1000 2471 1087 2518 pag
1131 2467 1216 2507 152
1238 2451 1297 2517 sq.
1367 2456 1434 2500 De
1457 2470 1586 2500 more
1611 2472 1648 2511 3.
1674 2454 1735 2500 Id.
1760 2450 2019 2502 Nouembr.

0 2532 2 2537 ’
77 2525 216 2568 maria
248 2522 481 2568 claudendi
501 2537 544 2568 et
567 2519 665 2584 post
686 2516 942 2571 nudandi·
961 2523 1202 2568 hiemalem
1236 2523 1398 2567 iterum
1423 2522 1651 2585 aperiendi
1672 2519 2017 2568 Bacchanalibus

80 2590 155 2635 vel
177 2596 201 2634 6
229 2590 330 2635 Idus
352 2591 506 2636 Martii
527 2585 783 2635 consulendi
817 2584 915 2634 sunt
943 2592 1032 2634 viri
1064 2588 1185 2636 doffi
1212 2590 1263 2635 ad
1288 2591 1528 2650 Ve‘getium
1554 2593 1628 2635 lv.
1654 2604 1724 2648 39.
1793 2589 2017 2636 Meurfius

85 2657 138 2701 ad
169 2656 507 2704 Constantinum
544 2658 1027 2720 Porphyrogennetam
1065 2658 1117 2703 de
1154 2655 1501 2703 administrando
1541 2659 1736 2721 imperio
1766 2672 1864 2722 pag.
1896 2670 1919 2701 o
1952 2652 2017 2720 sq.

0 2692 3 2751 {
80 2724 165 2771 Iac·
183 2721 451 2795 Hasaeusin
481 2723 670 2781 diatriba
700 2725 756 2776 de
783 2722 1008 2776 mensibus
1035 2726 1211 2779 itineris
1229 2724 1448 2786 Paulina,
1479 2723 1594 2778 Bibl.
1618 2728 1764 2776 Brem.
1786 2723 1944 2790 Fascic.
1978 2739 2017 2771 t.

1879 2805 2006 2859 P·27
