2263 3027
190 79 294 135 884
597 68 746 122 CAP.
782 67 911 121 xix.
979 47 1396 120 EDVLIORVM
1432 22 1745 121 GENERA.

200 196 434 244 Athenaeo
459 195 545 240 iam
574 209 900 250 memoratum,
940 192 996 242 de
1028 209 1119 258 quo
1149 195 1385 257 Menagius
1416 194 1465 242 in
1493 194 1651 257 Origg.
1673 192 1881 251 Gallicis,
1916 193 1998 241 vbi
2019 210 2143 245 notat

200 267 489 312 Maec-amnes
513 263 710 311 Gallicos
741 265 916 328 optime
936 260 1116 328 sapere,
1137 263 1336 311 Italicos
1365 259 1449 311 effe
1486 260 1843 328 infipidiffimos,
1879 262 2004 309 vnde
2025 266 2146 327 apud

201 349 279 381 eos
309 332 520 378 homines
555 331 688 379 rudes
716 345 760 378 et
788 329 1005 396 insipidos
1038 345 1203 378 vocant
1230 348 1514 380 macearones
1531 366 1546 391 ‚
1597 329 1984 395 quemadmodum
2011 332 2148 379 etiam
2239 376 2242 379 .

201 396 356 447 versus
381 398 543 446 ludicri
567 416 615 447 ac
635 399 768 447 rudes
789 399 844 446 ad
863 396 1001 447 risum
1027 398 1308 448 mouendum
1340 399 1555 448 elaborati
1585 415 1805 448 vocantur
1835 401 2148 453 maccaronici,

201 469 255 515 de
278 466 440 531 quibus
462 468 702 520 Naudaeus
726 469 773 514 in
797 467 1012 531 dialogo,'
1039 468 1110 516 cui
1139 468 1294 516 titulus
1328 466 1571 522 Mascurat,
1617 484 1661 518 et
1690 469 1771 533 qui
1800 466 1848 516 id
1878 484 2026 531 genus
2049 464 2149 516 scri.-

200 535 341 583 bendi
362 536 591 602 improbat
610 533 824 583 Vauaffor
846 538 891 582 in
913 536 1031 585 libro
1065 536 1258 599 eleganti
1277 536 1332 585 de
1360 537 1533 585 ludicra
1558 535 1772 586 diffione.
1839 539 1911 583 De
1940 536 2058 601 Oglia
2081 550 2152 603 po·

200 605 353 650 derida
374 604 535 665 (vulgo
559 605 855 669 olopaderie)
876 607 966 667 agit
985 606 1163 654 Raecius
1190 622 1291 670 pag.
1315 611 1419 666 165.
1448 605 1504 652 de
1524 606 1657 652 vinis.
1726 601 2147 652 Bellaria·faccharo

202 672 383 720 condita
404 672 502 718 Itali
521 675 760 737 nominant
783 673 954 738 confetti
977 689 1109 737 atque
1132 674 1238 735 inde
1258 674 1420 722 Graeci
1442 688 1632 738 quoque„
1645 674 1918 721 recentiores
1942 674 2148 737 κεφέτρι,

201 754 246 787 et
267 740 511 802 κωφέττο,
544 756 596 788 vt
623 741 755 789 docet
776 743 970 802 Cangius
993 744 1039 788 in
1062 738 1285 803 glo'ss'ario.
1356 745 1428 788 De
1444 743 1724 808 paccimadio,
1755 741 1881 805 quod
1903 756 2054 788 mazae
2075 756 2150 802 ge·
2215 783 2220 791 .

200 825 285 855 nus
311 807 394 866 est,
434 808 556 856 idem
580 812 774 872 Cangius
795 810 840 856 in
860 807 1067 871 ‘glossario
1093 824 1300 873 Vtroque.
1371 805 1611 856 Musonius
1636 809 1691 856 de
1712 809 1824 856 luxu
1845 812 2058 857 Graecor.
2087 811 2150 855 T.

197 878 325 923 VIII.
355 874 550 923 thesauri
583 881 795 926 Gronov.
829 894 872 941 p.
894 891 1036 937 2494·
1108 877 1381 939 Bulengerus
1419 877 1475 924 de
1508 878 1733 924 conuiuiis
1757 880 1816 928 T.
1836 880 1934 925 XII.
1957 873 2151 924 thesauri

199 946 366 994 Graev.
389 961 432 1008 p.
454 959 557 1005 137.
628 945 1025 1009 Stuckius·p.292.
1094 947 1371 1008 Bruyerinus
1390 944 1446 991 de
1468 943 1702 992 recibaria
1725 960 1776 1009 P·
1796 958 1905 1007 333.
1975 948 2046 991 De
2077 943 2150 990 bu-
2240 1002 2263 1008 ..

198 1026 323 1079 tyro,
360 1011 510 1062 ἕλαιος
533 1010 630 1064 οἰπό
653 1010 899 1075 γάλακτος
922 1011 1041 1075 apud
1064 1012 1363 1067 Athenaeum,
1387 1010 1522 1058 exstat
1549 1010 1779 1074 singularis
1800 1010 2008 1067 traC'tatus
2028 1015 2150 1059 Mat·
2223 1019 2239 1040 ¹¹

197 1081 286 1127 tini
312 1077 553 1127 Schoockii
584 1085 668 1127 Ao.
694 1090 833 1136 1664.
860 1093 933 1127 12.
973 1079 1045 1124 cui
1075 1077 1208 1125 addes
1241 1079 1474 1125 Barthium
1507 1081 1629 1128 LIII.
1656 1096 1725 1136 14.
1758 1077 2150 1128 Aduersariorum.

197 1148 501 1211 Bruyerinum
516 1147 543 1193 l.
558 1163 647 1211 c.p.
664 1162 774 1208 575.
794 1143 855 1210 sq.
925 1142 1204 1193 Bochartu‘m'
1219 1146 1481 1194 Hierozioe.
1504 1149 1552 1197 P.
1566 1149 1600 1198 Ι.
1621 1163 1721 1212 pag.
1739 1161 1794 1210 31
1809 1163 1961 1210 5.473.
2033 1151 2150 1195 Con-

198 1216 400 1278 ringium
421 1215 475 1262 de
494 1213 650 1261 habitu
669 1230 848 1279 corpor.
869 1229 1009 1260 veter.
1031 1214 1368 1261 Germanorum
1390 1223 1523 1280 p.63.
1543 1211 1636 1279 sqq.
1658 1214 1739 1262 vbi
1757 1231 1939 1280 quoque
1963 1215 2020 1263 de
2038 1211 2152 1262 laste

197 1297 411 1331 concreto
442 1297 485 1329 et
507 1299 660 1335 acore,
697 1297 739 1329 et
759 1280 882 1330 Tob.
901 1281 1124 1329 Waltheri
1143 1277 1350 1331 differt-at]
1372 1283 1428 1330 de
1447 1282 1630 1347 butyro.
1661 1280 2009 1346 Altorfii71743.
2080 1285 2152 1330 De
2238 1342 2241 1346 Ι

196 1352 307 1414 casto
337 1350 458 1398 idem
479 1349 780 1403 Schoockius,
816 1364 860 1397 et
883 1352 946 1396 10.
966 1349 1205 1415 Philippus
1225 1352 1527 1414 Burggrauius
1547 1351 1602 1398 ad
1616 1352 1860 1413 Contingit
1877 1351 2047 1398 librum
2058 1350 2149 1399 lau-

198 1420 367 1466 datum.
404 1417 605 1466 Historia
617 1417 827 1465 naturalis
849 1415 959 1465 casei
979 1433 1022 1465 et
1032 1417 1202 1482 butyri,
1223 1433 1357 1482 quam
1371 1416 1610 1467 elaborasse
1632 1418 1861 1468 laudatum
1879 1418 2151 1469 Bruckmam
2230 1422 2263 1431 ”

201 1504 311 1535 num
335 1487 468 1534 docet
488 1490 529 1534 S.
549 1491 603 1534 V.
625 1488 895 1535 Goettenius
910 1488 1119 1552 Europae
1147 1487 1347 1535 eruditae
1366 1490 1410 1535 P.
1425 1491 1457 1534 I.
1480 1504 1524 1553 p.
1541 1493 1655 1549 667.
1694 1485 1911 1551 quantum
1943 1485 2057 1542 scio,
2086 1487 2152 1534 lu-
2235 1494 2263 1531 ‘f

200 1573 298 1604 cem
318 1572 414 1602 non
434 1555 564 1602 vidit.
631 1557 800 1619 Neque
822 1554 996 1620 prodiit
1017 1553 1219 1603 eiusdem
1230 1557 1323 1603 viri
1343 1556 1510 1603 eruditi
1525 1556 1747 1619 catalogus
1771 1555 1990 1603 exhibens
2002 1555 2152 1621 appel-

200 1624 390 1670 lationes
412 1639 454 1670 et
485 1624 878 1671 denominationes
907 1624 1115 1670 omnium
1146 1625 1274 1688 panis
1307 1641 1552 1686 generum,
1597 1641 1710 1688 quae
1740 1624 1854 1670 olim
1885 1625 1932 1671 in
1951 1620 2032 1671 vsu
2054 1621 2160 1672 fue-'
2232 1630 2235 1636 “

201 1707 307 1738 runt
327 1708 370 1738 et
387 1691 532 1738 adhuc
553 1690 676 1750 sunt,
711 1707 796 1757 per
828 1706 977 1738 totum
1005 1705 1228 1739 terrarum
1260 1692 1418 1740 orbem
1435 1726 1453 1747 ,
1493 1694 1570 1756 qui
1602 1692 1806 1739 laudatur
1834 1691 1942 1738 ibid.
1969 1708 2012 1754 p.
2039 1697 2151 1745 668.

202 1759 889 1823 Calypfimes(932unbe1ssotten)
920 1757 973 1806 ab
1006 1760 1256 1807 inuentrice
1284 1757 1539 1825 Calypsone
1569 1758 1625 1806 sic
1653 1757 1784 1812 diffi,
1817 1759 1941 1804 cuius
1975 1759 2148 1804 mentio
2228 1782 2232 1785 -

191 1826 322 1891 ,apud
347 1830 605 1874 Homerum
627 1829 674 1873 in
694 1824 901 1890 Odyffea.
970 1830 1040 1875 De
1047 1829 1334 1892 farciminum
1353 1830 1490 1875 variis
1519 1825 1760 1889 generibus
1789 1825 2018 1872 adeundus
2043 1821 2152 1873 Ges-

201 1910 334 1941 nerus
356 1895 402 1940 in
431 1910 569 1958 opere
589 1895 644 1941 de
675 1894 961 1941 animalibus'·
974 1895 1339 1960 quadrupedibus
1369 1912 1412 1958 p.
1431 1909 1572 1954 1031.
1649 1895 1719 1940 De
1748 1891 1968 1939 buccellato
1995 1896 2150 1940 Hene-

201 1962 287 2008 lius
308 1975 433 2021 c.45.
476 1963 573 2007 Otii
597 1961 963 2008 Vratislauiensis.
1029 1966 1100 2009 De
1118 1964 1399 2025 Creophagia
1419 1959 1508 2008 fiue
1528 1963 1670 2007 carnis
1693 1957 1766 2006 esu
1788 1962 1923 2007 etiam
1952 1976 2053 2008 ante
2085 1960 2149 2008 di·

203 2030 379 2076 luuium
414 2029 561 2084 licito,
596 2043 751 2075 contra
783 2030 1001 2075 Grotium
1031 2028 1084 2075 ad
1114 2026 1278 2076 Genes.
1303 2032 1380 2077 IV.
1412 2043 1451 2089 3.
1487 2042 1529 2075 et
1551 2028 1861 2076 Curcellaeum
1881 2029 1938 2076 de
1958 2026 2032 2076 esu
2055 2026 2148 2077 san·
2221 2084 2226 2085 ⁷

201 2099 351 2160 guinis
380 2098 495 2142 inter
516 2095 812 2151 Christianos,
852 2092 1044 2160 disputat
1072 2096 1388 2158 Heideggerus
1417 2098 1465 2142 in
1497 2095 1700 2142 libertate
1729 2095 2092 2143 Christianorum
2123 2113 2150 2143 a
2216 2097 2218 2099 ’

199 2166 300 2227 lege
328 2164 490 2212 cibaria
519 2180 726 2211 veterum
747 2164 802 2209 de
829 2159 1044 2224 sanguine
1074 2179 1118 2211 et
1145 2161 1386 2222 suffocato,
1425 2179 1468 2210 et
1498 2162 1710 2226 singulari
1742 2161 1835 2211 diff.
1860 2168 1923 2214 10.
1946 2165 2146 2212 Andreas

200 2234 398 2280 Danzi-us
422 2235 512 2279 len.
545 2248 683 2294 1709.
753 2230 967 2277 Seldenus
988 2231 1043 2278 de
1057 2232 1153 2279 iure
1167 2248 1346 2279 naturae
1367 2250 1408 2296 p.
1426 2241 1538 2294 875.
1579 2232 1755 2278 Natalis
1770 2233 2147 2291 Alexanderlaeta—

202 2316 247 2350 te
258 2305 290 2347 I.
314 2304 369 2347 V.
380 2304 437 2347 T.
461 2297 553 2350 diff.
569 2303 612 2346 6.
680 2300 864 2345 Riuetus
882 2307 1116 2356 exerc.58.
1137 2301 1185 2348 in
1208 2299 1416 2348 Genesin.
1485 2302 1616 2348 Imm.
1636 2299 1807 2348 Weber
1835 2301 1882 2346 in
1907 2298 2068 2348 dissert.
2093 2299 2149 2346 de

205 2371 481 2436 κρεωφαγίας
510 2367 963 2415 antediluuianorum.
1000 2365 1121 2433 Lips.
1157 2376 1297 2424 1681.
1335 2384 1376 2416 et
1406 2370 1454 2415 in
1474 2367 1658 2417 historia
1688 2369 2003 2417 excedentium
2034 2367 2149 2413 circa

207 2440 514 2504 κςεωφοιγίαν.
551 2432 668 2500 Lips.
693 2442 838 2491 1682.
909 2437 1153 2484 Boc-hattus
1174 2438 1435 2484 Hierozoic.
1454 2440 1546 2484 Ρ.Ι.
1570 2454 1614 2502 p.
1631 2440 1742 2495 698.
1765 2434 1858 2501 sqq.
1893 2451 1937 2484 et
1957 2435 2149 2485 10.Phil.

207 2503 415 2550 Caffelius
440 2506 487 2549 in
513 2501 719 2568 disquisit.
741 2503 969 2568 philolog.
995 2505 1051 2552 de
1070 2504 1339 2552 Iudaeorum
1364 2505 1471 2552 odio
1493 2520 1536 2555 et
1557 2503 1818 2552 abstinentia
1838 2521 1861 2550 a
1889 2520 2019 2550 carne
2046 2518 2149 2567 por-

210 2574 307 2617 cina
326 2574 509 2634 eiusque
530 2570 689 2619 cauffis.
724 2572 877 2634 Magd.
900 2587 1038 2632 1740.
1053 2590 1094 2631 4.
1163 2575 1379 2622 Similiter
1399 2573 1486 2620 illis
1503 2574 1750 2619 multorum
1774 2572 1965 2618 aliorum
1987 2572 2148 2617 anima-

210 2638 322 2685 lium
347 2656 475 2685 carne
498 2638 615 2687 vesci
635 2638 926 2686 interdian
946 2642 1050 2687 vide
1071 2642 1403 2689 Maimonidem
1427 2643 1481 2688 de
1503 2641 1612 2688 cibis
1631 2641 1802 2693 vetitis,
1841 2656 1975 2702 quem
2013 2639 2147 2685 latine

207 2708 346 2756 vertit
363 2721 585 2770 >notasque
614 2707 788 2771 addidit·
805 2710 985 2767 Marcus
1007 2709 1284 2767 Woeldicke.
1321 2708 1520 2759 Hafniae
1541 2721 1668 2775 1727
1692 2721 1737 2755 et
1761 2722 1824 2771 .17
1833 2721 1906 2770 34.
1922 2717 1964 2767 8.
1998 2707 2144 2755 Mich.

2001 2777 2148 2824 Henr.
