2263 3027
191 119 288 178 778
819 96 974 158 CAP.
1005 98 1145 159 XVI.
1224 101 1538 159 SALARIA:

189 238 294 285 miis
315 246 522 283 veterum
545 227 878 297 sophistarum,
915 231 1193 286 Rhetorum‚
1238 245 1370 295 atque
1402 233 1664 280 Oratorum.
1694 229 1829 279 lenae
1856 240 1983 294 1719
2005 230 2138 287 recu.

188 303 282 352 sam
306 321 405 369 pag.
435 316 525 363 103
551 297 644 366 sqq.
667 303 841 361 Parerg.
873 300 1125 347 Academic.
1194 298 1671 348 10.w1111.stuckium
1699 297 1775 346 lib.
1804 317 1840 348 1.
1867 302 2003 364 antiq.
2033 319 2137 353 con-

189 372 322 420 uiual.
345 387 438 435 cap.
468 385 538 426 19.
609 365 774 414 Christi
810 365 1055 414 Falsterum
1086 365 1163 416 lib.
1187 382 1227 416 2.
1263 383 1356 432 cap.
1380 385 1420 426 ς.
1465 366 1790 432 Qaestionum
1817 371 2139 421 Romanarum.

185 455 232 488 et
253 439 424 486 Frider.
453 441 537 484 Iac.
558 433 838 500 Beyschlagii
860 437 1113 490 orationem
1136 435 1192 482 de
1221 437 1457 500 praemiis,
1494 453 1605 500 quae
1630 436 1741 482 olim
1775 433 1997 483 bonarum
2024 437 2141 486 litte-
2169 473 2175 478 „

189 524 344 556 rarum
367 503 614 555 cultoribus
634 504 791 553 collata
815 500 938 558 sunt,
972 510 1082 567 quae'
1102 502 1237 550 exstat
1258 505 1306 550 in
1326 505 1419 551 eius
1437 500 1611 567 sylloge
1632 521 1729 569 pag.
1752 519 1847 567 475
1872 501 1966 568 sqq.
2021 505 2142 555 Vide

188 578 325 624 etiam
347 575 519 621 Thom.
545 574 759 619 Crenium
793 571 868 624 lib,
894 587 937 632 7.
969 569 1261 621 animaduers.
1290 588 1389 636 pag.
1419 587 1521 634 ¹40·
1550 587 1656 629 14¹·
1678 587 1720 619 et
1741 569 2000 637 Christoph.
2024 577 2144 635 Aug.

189 643 458 692 Heumanni
482 640 690 688 Poecilen
712 638 786 686 lib.
816 655 853 688 ῐ,
879 656 979 704 pag.
1013 654 1103 702 130
1128 636 1221 703 sqq.
1243 654 1286 686 et
1310 640 1365 686 de
1397 639 1679 687 mercedibus
1707 654 2054 704 praeceptorum
2078 643 2144 688 Ia..

191 711 293 759 cob.
315 709 573 758 Reuardum
592 708 669 755 lib.
702 724 738 756 1.
760 725 852 773 cap.
881 723 950 758 ιο.
1022 708 1160 773 Qod
1189 709 1348 754 nuntio
1372 724 1458 772 pro
1491 707 1689 772 epistolis
1721 707 1955 772 portandis
1985 707 2148 756 redde-⁴

191 779 346 836 batur,
384 775 556 825 dictum
579 775 638 823 est
656 782 926 843 portorium,
961 776 1085 839 quod
1115 775 1345 822 tabellario
1376 792 1462 840 pro
1493 777 1751 840 reparandis
1782 776 1962 828 calceiS‚
1993 777 2146 822 calcea-

189 853 333 900 rium,
369 846 425 895 de
456 862 547 909 quo
575 845 814 892 Suetonius
843 846 891 891 in
916 841 1188 908 Vespasiano‘
1212 860 1305 906 cap.
1329 852 1369 899 8.
1407 859 1448 889 et
1465 845 1619 891 Nicol.
1641 845 1892 906 Bergierius
1920 842 1997 890 lib.
2021 861 2067 901 4.
2088 842 2145 891 de

194 917 284 963 viis
308 916 475 978 Imper.
496 915 689 962 Romani
717 929 808 976 cap.
829 928 848 959 1
868 929 901 960 ι.
921 909 988 957 sic.
1011 912 1249 957 clauarium
1269 910 1322 957 ad
1347 911 1494 958 clauos
1516 910 1605 959 fiue
1628 913 1795 959 calceos
1817 911 2010 958 clauatos
2030 911 2149 958 mili-

193 997 309 1030 tares
332 981 578 1046 parandos,
613 979 731 1044 apud
751 980 963 1026 Tacitum
982 978 1058 1026 lib.
1091 995 1128 1038 3.
1160 977 1315 1026 histor.
1340 995 1434 1041 cap.
1462 993 1537 1037 50.
1607 977 1780 1026 Confer
1805 980 2036 1026 Laurentii
2063 983 2146 1026 Po·

194 1050 461 1114 lymathiam
485 1044 576 1094 diss.
607 1054 648 1092 6.
673 1046 749 1093 lib.
778 1063 813 1096 ι.
884 1046 1132 1108 Vcstiarium
1153 1045 1206 1091 ad
1225 1043 1389 1099 vestes,
1421 1043 1629 1093 cibarium
1660 1047 1714 1095 ad
1744 1046 1895 1101 cibos,
1929 1052 2148 1099 cerarium

196 1118 253 1165 ad
279 1134 455 1169 cereos,
490 1115 708 1176 vafizrium
727 1114 781 1160 ad
809 1110 930 1166 vasa,
969 1115 1158 1166 diarium
1187 1114 1233 1158 in
1266 1112 1359 1160 dies
1390 1111 1609 1174 singulos,
1645 1113 1924 1161 hordearium
1954 1115 2009 1161 ad
2042 1116 2150 1161 hor-

196 1186 334 1234 deum
359 1200 402 1232 et
421 1183 660 1230 frumenta.
732 1181 849 1228 Vide
871 1178 1081 1226 Pitiscum
1101 1180 1155 1227 ad
1178 1183 1358 1226 Sueton.
1382 1195 1509 1226 tomo
1541 1198 1580 1228 2.
1601 1198 1699 1246 pag.
1719 1190 1783 1244 48
1798 1199 1830 1230 ι.
1853 1179 2151 1244 agrimensori

191 1255 539 1321 pulveraticum,
575 1247 962 1296 commentariensi
989 1253 1281 1304 catenaticum‚
1319 1250 1497 1295 notario
1520 1248 1594 1296 vel
1613 1251 1863 1313 antiquario
1873 1249 2150 1316 fhpiaticum;

197 1319 478 1382 Lindebrog.
513 1335 555 1382 p.
584 1332 724 1378 1373.
756 1317 810 1363 ad
835 1316 1038 1364 codicem
1061 1316 1210 1379 legum
1234 1317 1534 1380 antiquarum.
1607 1315 1915 1364 Libertaticum
1945 1318 2068 1381 quod
2098 1317 2151 1363 li-

198 1388 354 1436 bertus
374 1386 501 1434 dabat
520 1390 740 1441 Patrone,
776 1384 836 1432 id.
868 1402 912 1450 p.
944 1397 1085 1445 1424.
1153 1387 1438 1448 Linguarium
1460 1381 1583 1447 quod
1605 1401 1690 1449 pro
1711 1385 1864 1447 lingua
1887 1401 2057 1433 temere
2085 1385 2152 1431 lo·

201 1472 341 1519 quuta
362 1454 590 1521 penditur.
660 1456 868 1502 Muretus
893 1456 989 1509 XII.
1014 1469 1053 1511 3.
1076 1468 1168 1500 var.
1191 1450 1371 1501 leffiion.
1443 1452 1589 1498 Indici
1611 1451 1795 1500 dabatur
1818 1455 2030 1506 indicium,
2059 1449 2153 1499 fau·

200 1523 319 1571 stum
341 1524 551 1571 nuntium
574 1517 781 1568 afferenti
801 1521 1097 1585 Evngelimn,
1132 1519 1352 1566 Plutarch.
1384 1521 1618 1566 Demetrio
1638 1537 1734 1585 pag.
1758 1528 1867 1580 896.
1892 1519 1980 1567 siue
2004 1520 2154 1577 Μένυ-

201 1612 324 1658 erema,
365 1592 528 1644 nutrici
551 1594 785 1636 nutricium
808 1586 881 1637 seu
905 1589 1150 1654 θρέπτρον,
1188 1584 1395 1634 afferenti
1425 1585 1716 1636 desideratum
1747 1588 1915 1651 aliquid
1941 1587 2152 1653 κόμιςρογ,

203 1657 363 1707 artifici
397 1660 636 1723 ἐπίχειρα,
673 1673 758 1721 pro
791 1658 856 1703 rei
891 1659 1098 1704 inuentae
1132 1657 1299 1702 nuncio
1332 1653 1536 1721 ἐύρηθρον
1569 1653 1729 1703 confer
1748 1656 1973 1703 Pollucem
2005 1657 2081 1702 lib.
2105 1659 2151 1704 6.

203 1743 300 1790 cap.
336 1743 419 1783 4¹·
491 1730 574 1773 Iac.
606 1721 866 1773 Godofredi
903 1720 1137 1771 traS’caturn
1169 1723 1225 1769 de
1255 1720 1409 1769 salario
1444 1726 1617 1772 Genev.
1648 1741 1702 1769 ex
1733 1723 1932 1770 editione
1962 1720 2152 1770 secunda

205 1795 342 1854 longe
374 1791 619 1839 {iustiorem
654 1797 796 1840 1666.
824 1810 869 1853 4.
938 1792 1156 1838 Matthiae
1193 1792 1553 1838 Zimmermanni
1590 1788 1782 1836 analegta
1820 1806 1919 1853 pag.
1950 1795 2046 1851 468
2088 1787 2150 1853 sq.

201 1862 485 1907 Salmuthum
505 1861 559 1906 ad
577 1860 818 1906 Pancirolli
839 1859 1069 1922 deperdita
1100 1876 1197 1923 pag.
1232 1873 1311 1918 40.
1342 1873 1385 1905 et
1416 1855 1601 1903 Meurfii
1628 1854 1872 1902 aust-arium
1905 1858 2152 1920 philologi-

206 1946 310 1983 cum
335 1945 424 1991 cap.
441 1934 516 1983 28.
587 1929 657 1972 De
675 1927 887 1991 sportulis
909 1943 951 1973 et
976 1924 1312 1986 erogationibus
1332 1922 1523 1987 publicis
1550 1921 1637 1969 fiuc
1659 1925 1928 1987 pecuniariis
1949 1923 2037 1971 siue
2057 1922 2151 1971 fru·
2228 1928 2242 1980 j

202 1997 436 2043 mentariis
459 1994 687 2041 adeundus
716 1994 849 2039 etiam
870 1993 1077 2039 Stuckius
1105 1991 1180 2037 lib.
1213 2007 1245 2038 ι.
1269 2007 1360 2053 cap.
1390 2002 1468 2053 35.
1497 1983 1904 2054 AntiqsConuiual.
1976 1993 2150 2043 Thom.

203 2061 465 2111 Demsterus
495 2060 549 2109 ad
578 2062 833 2125 Corippum
863 2076 962 2123 pag.
985 2067 1117 2120 206..
1167 2059 1362 2105 Hieron.
1392 2059 1568 2118 Magius
1593 2061 1650 2106 ΙΙ.
1672 2072 1716 2107 2.
1742 2056 1935 2114 Miscell.
1969 2074 2079 2108 tom.
2104 2077 2148 2109 2.

206 2128 401 2178 thesauri
426 2129 570 2175 critici
591 2128 864 2175 Gruteriani.
935 2127 1129 2173 Henrici
1149 2123 1322 2171 Norifii
1343 2123 1583 2189 praele'stio
1596 2123 1744 2172 Pisana
1764 2126 1823 2180 de
1845 2124 2153 2191 sportularum·

208 2201 387 2261 origine
416 2212 458 2243 et
488 2193 569 2241 vsu
597 2195 714 2259 apud
747 2198 975 2241 Romanos
1009 2208 1052 2240 et
1083 2191 1380 2247 Christianos,
1425 2208 1535 2239 tom.
1571 2211 1615 2248 4.
1649 2198 1771 2259 Opp.
1803 2209 2029 2256 pag.t599
2052 2193 2164 2260 sqq..

205 2269 328 2315 Petri
349 2264 560 2312 Hunderi
591 2260 855 2319 differt-atie,
890 2258 1086 2308 Hafniae
1114 2274 1251 2323 1712.
1283 2260 1444 2324 quibus
1475 2261 1586 2308 addc
1609 2262 1729 2309 Frid.
1753 2269 1868 2324 Aug.
1892 2263 2008 2307 Iunii
2040 2266 2186 2318 anti-,-

207 2337 396 2399 quitates
418 2329 719 2396 sportularum
741 2329 858 2394 apud
880 2333 1108 2377 Romanos
1130 2329 1505 2394 quotidianarum.
1529 2326 1650 2394 Lips.
1705 2344 1817 2392 745.
1884 2332 1955 2376 De
1976 2329 2151 2384 fillariis

210 2405 462 2449 clericorum
484 2400 732 2447 contrariae
755 2401 930 2444 Ioannis
952 2398 1072 2446 Petri
1100 2395 1323 2458 Ludewig
1354 2412 1396 2444 et
1418 2396 1658 2460 Christiani
1710 2395 1932 2444 'homafiii
1951 2396 2150 2447 differta·
2196 2409 2216 2418 ‘'
2260 2439 2262 2456 ,

212 2472 357 2516 tiones
386 2464 672 2514 recensentur
702 2468 750 2512 in
779 2463 1071 2512 relationibus
1091 2465 1290 2511 innoxiis
1323 2472 1374 2512 A.
1404 2481 1543 2525 1707.
1573 2481 1672 2529 pag.
1692 2479 1804 2524 490.
1880 2467 1950 2512 De
1980 2465 2150 2528 legato-
2217 2484 2221 2485 ⁷
2258 2457 2261 2504 ἐ

214 2553 317 2581 rum
336 2538 479 2581 lautiis
501 2531 683 2581 consule
703 2537 767 2580 Io.
791 2533 915 2581 Guil.
939 2532 1119 2594 Bergeri
1145 2527 1305 2579 dissert.
1329 2533 1384 2580 de
1405 2533 1550 2578 lautiis
1571 2548 1788 2579 veterum.
1809 2531 1989 2580 Witteb.
2013 2550 2095 2596 171
2112 2553 2150 2586 1.

214 2606 286 2648 De
309 2605 619 2648 Aduocatorum
648 2601 879 2648 honorario
913 2601 1092 2647 adeatur
1117 2602 1154 2646 F
1156 2600 1238 2645 rid.
1269 2605 1525 2647 Brunnerus
1554 2600 1609 2646 ad
1637 2600 1780 2661 legem
1813 2601 2010 2647 Cinciam
2034 2620 2045 2658 3
2093 2604 2149 2652 de

217 2670 506 2717 Medicorum
539 2666 682 2715 Desid.
705 2668 929 2716 Her-aldus
949 2672 1005 2714 V.
1028 2682 1105 2716 20.
1136 2683 1179 2730 p.
1208 2684 1308 2730 404
1340 2666 1401 2732 sq.
1434 2669 1480 2714 in
1507 2666 1772 2715 Salmafium.
1843 2670 1912 2715 De
1939 2671 2150 2718 distinato-

218 2753 318 2784 rum
343 2736 558 2802 praemiis
592 2738 911 2801 Hieronymus
947 2735 1002 2783 ad
1039 2735 1220 2786 Michae
1249 2739 1328 2783 111.
1365 2751 1406 2799 5.
1439 2752 1541 2802 pag.
1577 2747 1705 2798 1520
1733 2731 1934 2800 lqtom.
1969 2753 2010 2799 3.
2046 2739 2150 2791 edit.

2029 2809 2156 2863 Mag..
