2263 3027
710 81 712 83 ’
729 91 828 144 ΕΤ
866 92 1065 150 ALIAS
1100 93 1393 145 GENTES.
1919 110 2020 159 759

88 222 238 265 Ancus
263 217 452 263 Martius
481 215 588 265 teste
608 218 743 269 Liuio
769 232 816 263 et
836 217 987 263 Aurel.
1014 215 1226 272 'Vislorffi
1256 218 1523 265 Tullianum
1548 236 1570 266 a
1591 219 1916 266 SeruioTullio
1936 236 2018 266 voe

83 299 253 339 catum,
284 286 454 348 >quippe
477 287 752 348 quipartem
782 283 1108 331 subterraneam
1139 287 1287 333 eidem
1304 287 1486 338 adiecit.
1534 287 1740 334 Celebres
1768 289 1827 334 ita
1850 289 2016 335 Siculo.

86 368 188 397 rum
216 356 468 408 Latomiae,
500 354 921 406 Plutarchus-Nicia
940 349 970 397 f.
998 367 1106 412 541.
1133 367 1243 415 542.
1315 356 1477 400 Cicero
1502 356 1693 401 Verrina
1716 358 1768 399 V.
1792 368 1868 414 27.
1894 359 2018 403 *Pon-

85 434 211 464 tanus
233 437 274 483 p.
302 430 396 481 387
415 418 475 483 sq.
499 421 552 466 ad
573 417 748 466 Eusebii
765 420 1045 465 Chronicon.
1120 424 1325 466 Vincent.
1349 421 1584 468 Mirabella
1605 424 1808 485 antiquae
1833 426 2018 485 Syracu-

80 483 150 532 sae
172 503 215 550 p.
245 495 304 532 66
331 487 391 550 sq.
419 491 480 533 T.
520 504 535 535 ι
553 502 589 534 1.
630 483 821 532 thesauri
853 486 1038 532 Siciliae.
1105 488 1343 551 Philippus
1363 489 1600 535 Cluuerius
1623 493 1825 552 antiquae
1846 490 2017 536 Siciliae

83 553 160 599 lib.
194 571 229 600 ι.
251 571 273 600 c
312 569 381 601 12.
403 571 445 618 p.
473 570 560 613 149
580 551 640 616 sq.
662 548 831 604 κεοὶδας
853 554 1311 601 Lacedaemoniorum
1337 554 1511 602 Basilius
1532 556 1791 620 Epist.379.
1815 564 1899 621 pro
1923 573 2014 620 quo

80 622 196 667 male
222 618 411 671 Δεκάὸω
442 622 604 682 legitur
632 638 698 684 ap.
730 621 1015 668 Plutarchum
1050 638 1150 685 pag.
1173 629 1286 680 803.
1316 625 1363 668 F.
1388 625 1435 668 in
1459 626 1618 685 Agide.
1688 621 2015 672 Messeniorum

80 686 309 734 thesaurus
334 687 653 735 subterraneus.
723 688 942 734 Plutarch.
966 690 1322 753 Philopoemene
1343 707 1386 753 p.
1406 697 1511 750 367.
1583 691 2013 752 Carthaginiensium

59 754 252 817 >οἷ-«γκσᾶν,
288 760 475 819 Procop.
503 751 586 800 hb.
612 773 648 800 1.
678 755 736 802 de
768 755 886 801 bello
911 757 1156 802 Vandalico
1183 774 1220 802 c.
1247 771 1320 804 20.
1380 757 1719 804 Atheniensium
1741 759 2015 815 barathrum,

82 839 126 869 et
162 823 433 885 οἰναγιεοιῖον,
485 819 722 882 οἱνοὶκαιον,
773 824 950 876 Suidas,
999 824 1313 870 Bourdelotius
1355 841 1456 888 pag.
1492 840 1568 884 23.
1610 826 1661 871 ad
1694 828 2013 873 Heliodorum.

79 888 308 937 Persarum
347 891 522 956 φςερίον
564 888 711 949 λήθης
731 924 742 944 ‚
780 908 935 936 carcer
961 890 1196 944 obliuionir,
1230 893 1278 936 in
1297 908 1432 954 quem
1454 890 1763 939 conicetorum
1785 894 1908 956 nulla
1927 911 2017 940 am-

72 958 195 1024 plius
227 956 414 1004 debebat
439 959 610 1004 mentio
631 955 752 1011 fieri,
791 960 1038 1023 Procopius
1067 957 1144 1004 lib.
1172 975 1212 1008 1.
1238 958 1294 1004 de
1320 958 1440 1005 bello
1464 957 1634 1005 Perfice
1662 977 1696 1006 c.
1729 974 1770 1019 5.
1800 976 1844 1007 et
1863 961 2016 1008 Theo-

76 1023 314 1090 phylaPtus
332 1027 571 1072 Simocatta
588 1024 663 1072 lib.
694 1040 733 1086 3.
752 1043 849 1090 cap.
877 1028 1018 1089 5.qui
1035 1023 1188 1084 scribit
1208 1023 1329 1072 reste
1357 1026 1576 1090 appellari
1602 1024 1726 1091 posse
1760 1023 2015 1090 δυσμενείαις

75 1094 280 1156 τέμενος,
318 1093 629 1139 maleuolentiae
642 1094 810 1157 fanum.
877 1092 1368 1159 ‘Constantinopolitani
1387 1093 1539 1157 palatii
1555 1092 1714 1160 φρεροὶ
1733 1097 2018 1158 ἐλεφαντίνη,

72 1163 200 1208 cuius
222 1161 431 1207 meminit
457 1163 520 1206 lo.
546 1162 790 1207 Cinnamus
821 1161 899 1208 lib.
917 1169 965 1210 6.
984 1179 1082 1225 pag.
1112 1174 1222 1225 173.
1254 1161 1336 1208 alia
1358 1159 1550 1225 χαλκῆ,
1586 1163 1640 1208 de
1662 1179 1746 1226 qua
1769 1163 2015 1211 Bandurius

75 1228 128 1274 ad
148 1228 428 1290 antiquitates
449 1226 963 1293 Constantinopolitanas
988 1246 1086 1293 pag.
1105 1242 1221 1291 472.
1291 1226 1466 1277 Confer
1485 1246 1599 1292 quae
1614 1230 1675 1276 de
1694 1229 1920 1292 ergastulis
1943 1233 2016 1279 Li-

73 1293 191 1359 psius
220 1297 274 1339 11.
303 1309 374 1350 15.
402 1293 675 1349 eleslorurn⁷
711 1299 936 1341 Antonius
959 1297 1287 1342 Bombardinus
1307 1295 1368 1341 de
1400 1296 1649 1343 carceribus
1680 1313 1909 1351 veterum,
1942 1303 2015 1346 Pa-

73 1377 161 1408 tav.
187 1376 325 1420 17¹3·
348 1369 391 1415 8.
431 1375 479 1406 et
511 1358 700 1424 Prosper
723 1361 972 1407 stellartius
1012 1362 1091 1408 lib.
1129 1379 1164 1407 1.
1203 1363 1261 1408 de
1291 1365 1473 1408 coronis
1504 1378 1549 1409 et
1587 1361 1781 1412 tonsuris
1811 1382 1903 1431 cap.
1944 1382 2013 1427 14.

75 1428 303 1482 Geolarii‚
337 1425 786 1483 commentarienses,
828 1425 1015 1474 fuerunt
1037 1426 1242 1475 custodes
1270 1445 1527 1488 carcerum,
1576 1430 1741 1494 quibus
1779 1433 2012 1481 damnato-

72 1512 176 1542 rum
196 1511 300 1541 cura
317 1509 409 1541 erat
426 1492 668 1541 commissa.
735 1495 852 1541 Vide
873 1496 997 1551 Coei,
1026 1496 1340 1557 Rhodiginum
1371 1495 1557 1556 lession.
1588 1499 1727 1562 antiq.
1759 1503 1902 1547 XVII.
1936 1518 2011 1551 πο,

72 1576 118 1610 et
137 1562 364 1609 Baluzium
384 1561 442 1608 ad
461 1563 680 1626 Cypriani
707 1560 884 1627 epistol.
903 1570 984 1622 83.
1031 1562 1263 1624 Ergastuia
1291 1563 1345 1610 ab
1370 1565 1602 1612 Hadriano
1626 1564 1814 1625 fuerunt
1835 1565 2013 1619 sublata.
2049 1582 2053 1585 ’

72 1630 327 1694 Spartianus
349 1646 384 1675 c.
412 1635 485 1684 18.
552 1632 622 1676 De
642 1629 890 1677 carceribus
910 1632 1241 1678 monachorum
1261 1629 1424 1678 confer
1445 1633 1562 1681 loan.
1584 1633 1846 1680 Mabillonii
1864 1636 2013 1684 Resle-

71 1699 203 1745 xions
233 1691 307 1741 sur
330 1695 393 1742 les
419 1693 600 1742 Prisons
629 1697 710 1743 des
728 1698 901 1747 Ordres
930 1699 1165 1759 religieux.
1195 1703 1253 1744 T.
1278 1713 1321 1747 2.
1352 1695 1565 1763 Opuscul.
1591 1700 1943 1765 postumorum,
1967 1718 2013 1751 et

69 1765 297 1813 Baluzium
318 1763 372 1809 ad
397 1764 665 1827 Capitularia
696 1769 752 1812 T.
782 1781 822 1812 2.
856 1782 899 1828 p.
932 1773 1069 1821 1088.
1140 1769 1211 1813 De
1233 1768 1394 1830 poenis
1424 1766 1691 1816 libertorum
1724 1773 2037 1834 ingratorum.

67 1831 188 1896 apud
204 1834 430 1886 Romanos
449 1829 714 1893 singularem
732 1829 1081 1890 dissertationem
1096 1831 1215 1898 Lips.
1237 1842 1373 1894 ¹738·
1397 1835 1537 1881 edidit
1550 1841 1626 1883 Iac.
1645 1841 1790 1885 Henr.
1805 1841 2011 1887 Bornius.

67 1903 139 1946 De
178 1899 335 1962 poenis
361 1895 595 1945 seruorum
623 1899 728 1945 vide
757 1901 1044 1946 Plutarchum
1070 1902 1315 1963 Coriolano
1349 1899 1382 1948 f.
1412 1916 1526 1961 225.
1595 1907 1746 1953 Nicol.
1776 1905 2012 1955 Calliachii

70 1964 417 2012 dissertationem
438 1969 560 2030 T.¹3.
581 1983 741 2013 nouor.
762 1965 1114 2031 supplementor.
1140 1966 1333 2015 thesauri
1354 1975 1407 2016 A.
1435 1973 1485 2015 R.
1509 1985 1551 2016 et
1571 1975 1729 2024 Graec.
1751 1992 1774 2020 a
1796 1978 1865 2031 Io.
1884 1976 2012 2023 Pole-

68 2051 130 2081 no
154 2032 477 2092 euulgatorum.
543 2037 754 2083 Laurent.
776 2037 1040 2095 Pignorium
1062 2035 1180 2083 libro
1204 2037 1261 2082 de
1291 2034 1450 2090 seruis,
1487 2041 1802 2103 Tiraquellum
1830 2044 1886 2090 ad
1908 2044 2010 2091 Ale-

70 2101 291 2148 xandrum
320 2098 372 2144 ab
404 2099 660 2147 Alexandro
695 2105 773 2148 III.
806 2116 883 2150 20.
911 2118 993 2150 etc.
1065 2106 1135 2150 De
1172 2106 1333 2168 poenis
1359 2108 1651 2169 Coquorum,
1699 2112 1926 2156 Pet-auium
1952 2112 2004 2158 ad

69 2169 294 2215 orationes
316 2165 558 2212 Themistii
581 2184 681 2230 pag.
717 2184 824 2227 512.
895 2173 964 2216 De
988 2174 1149 2234 poenis
1171 2188 1214 2218 et
1237 2170 1593 2233 castigationibus
1615 2172 1939 2240 discipulorum
1961 2195 2006 2226 et

70 2232 395 2287 adolescentum
419 2236 463 2278 in
484 2229 645 2279 scholis
667 2236 860 2283 eundem
885 2240 1033 2283 Petav.
1052 2255 1096 2302 p.
1128 2255 1182 2295 51
1198 2254 1232 2286 1.
1257 2254 1300 2284 et
1331 2239 1509 2284 Ludov.
1530 2238 1795 2289 Cresollium
1821 2247 1864 2290 in
1888 2246 2006 2292 thea-
2091 2266 2105 2276 ⁴

72 2318 141 2349 tro
165 2303 417 2349 Rhetorum
449 2299 533 2346 lib.
551 2316 588 2356 ς.
621 2318 711 2365 cap.
733 2306 778 2350 6.
805 2319 849 2350 et
868 2301 930 2368 sq.
964 2319 1073 2350 tom.
1102 2320 1171 2353 ιο.
1205 2306 1414 2352 Gronov.
1482 2308 1552 2351 De
1580 2324 1727 2371 poena
1755 2327 1937 2358 conatus
1961 2328 2005 2360 et

57 2370 312 2433 ‘voluntatis
334 2372 454 2414 Ioan.
487 2370 675 2415 Hem-ici
709 2373 843 2417 Pottii
869 2371 988 2418 liber
1015 2371 1161 2418 lucem
1189 2372 1305 2417 vidit
1334 2374 1370 2417 F
1372 2369 1542 2417 rancof.
1569 2380 1710 2434 1698.
1731 2392 1777 2432 4.
1808 2380 1878 2424 cui
1905 2382 2008 2427 iun-

67 2437 240 2498 gendus
270 2433 520 2482 Defiderius
552 2435 776 2482 Heraldus
798 2437 873 2486 lib.
901 2454 940 2499 5.
958 2437 1343 2492 ,animaduersion
1372 2440 1419 2484 in
1449 2439 1702 2487 Salmafium
1733 2460 1825 2508 cap.
1861 2461 1884 2490 2
1908 2445 2002 2511 sqq,

70 2520 166 2567 pag.
194 2519 287 2566 337
311 2499 403 2566 sqq.
473 2504 675 2549 Cuiacius
712 2501 886 2551 observ.
916 2508 1016 2551 XV.
1045 2521 1124 2564 25.
1191 2509 1260 2553 De
1304 2523 1451 2570 poena
1490 2508 1538 2553 in
1566 2508 1771 2556 mortuos
1802 2513 2004 2562 videatur

9 2625 14 2631 .
71 2574 136 2616 Io.
160 2571 377 2617 Schmidii
401 2567 493 2616 diss.
517 2568 633 2635 Lips.
666 2576 802 2632 1677.
872 2574 944 2618 De
962 2588 1109 2636 poena
1131 2575 1177 2620 in
1193 2572 1326 2620 bruta
1343 2575 1584 2621 animantia
1604 2578 1664 2621 Io.
1689 2580 1726 2622 F
1728 2578 1808 2626 rid.
1826 2583 2004 2647 Mayeri

72 2635 314 2684 dissertatio
329 2637 515 2685 Witteb.
547 2644 682 2694 1686.
705 2653 748 2684 et
773 2640 866 2685 Iani
886 2636 1061 2689 Dousae
1081 2641 1230 2696 Echo,
1265 2645 1419 2702 Hagae
1437 2643 1604 2688 Comit.
1630 2653 1767 2707 1603.
1787 2663 1834 2711 4,
1852 2665 1898 2715 p.
1925 2666 2002 2713 55,

66 2706 140 2752 De
159 2720 307 2768 poena
333 2705 383 2753 in
401 2722 472 2754 res
494 2706 755 2755 inanimatas
772 2702 971 2755 Godofr.
994 2707 1177 2754 ‘Hahnii
1197 2705 1434 2755 dissertatio
1457 2706 1576 2774 Lips.
1605 2718 1694 2767 168
1706 2727 1748 2776 5.

971 2774 1016 2820 R
1055 2789 1084 2821 2
1692 2826 1696 2830 .
1892 2788 2000 2835 Prae
