2263 3027
217 105 319 155 704
525 84 674 137 CAP.
710 80 845 134 xiv.
916 40 1834 145 PRAEFECTvsg‘PRAETQRIO.

218 214 409 282 poribus
429 224 662 261 creatum,·
684 207 821 269 longe
851 201 1091 251 diuersum.
1160 208 1202 252 A
1221 204 1421 250 Romulo
1446 218 1588 266 vsque
1613 203 1842 264 originem
1861 201 1995 252 huius
2017 208 2155 268 magi«

219 283 376 332 stratus
401 280 572 326 deriuat
599 278 783 323 Tacitus
815 275 976 321 Annal.
1004 275 1082 319 VI.
1125 287 1140 318 ῐ
1159 289 1194 321 1.
1261 275 1331 318 De
1363 269 1580 318 Praefefih
1615 269 1739 316 vrbis
1776 269 2085 320 iurisdist‘ione
2108 275 2158 319 in

219 347 542 399 suburbicarias
573 348 817 406 regiones9
838 344 953 388 intra
977 337 1266 396 centesimum
1281 340 1541 385 milliarium
1556 338 1611 385 de
1627 355 1714 402 qua
1725 335 2006 386 Caffiodorus
2021 342 2097 387 VI.
2112 346 2159 402 4⁷,

221 423 325 464 Var.
348 416 452 463 vide
471 411 663 460 Salmafii
692 407 1041 457 Eucharisticam
1068 407 1122 454 ad
1145 408 1438 455 Sirmondum
1471 424 1562 471 cap.
1593 422 1629 454 1.
1665 403 1916 469 Praefectus
1939 405 2063 454 vrbis
2095 407 2162 453 iu-

222 484 392 533 dicabat
414 483 547 530 etiam
578 481 633 526 de
651 483 917 526 Senatorum
942 491 985 523 et
1013 475 1203 522 aliorum
1227 479 1537 521 Romanorum
1567 471 1737 529 caustis,
1773 471 1884 537 quae
1906 476 1950 521 in
1975 475 2162 539 prouin-

222 556 303 601 ciis
327 549 639 601 mouebantur,
663 546 724 593 ld·
746 548 791 610 Ρ.
815 558 891 605 23.
943 547 993 590 In
1019 542 1131 589 vrbe
1159 558 1202 590 et
1222 559 1329 604 agro
1355 546 1560 588 Romano
1581 543 1694 588 intra
1718 540 1981 590 vicesimum
2004 541 2162 588 millia-

222 623 344 670 fium
375 617 564 665 habebat
595 611 857 680 PO‘estatem
888 611 1047 673 gladii>
1095 626 1137 657 et
1168 627 1343 657 merum
1375 611 1644 675 imperium,
1694 625 1816 655 extra
1846 609 2008 657 vrbem
2049 612 2165 656 intra.

223 686 513 737 centeiirnum
542 682 805 729 milliarium
831 694 1005 727 tantum
1033 694 1119 742 pro
1152 680 1246 726 iure
1276 675 1551 740 magistratus
1573 693 1748 740 poterat
1777 677 1931 725 iubere
1955 678 2163 724 judicare·

223 761 293 804 De
315 755 531 818 Praefi’c‘lo
558 749 684 810 claffis
710 764 753 795 et
779 764 880 794 orae
911 747 1161 793 maritimae
1191 742 1350 792 confer
1382 745 1544 791 Ezech.
1573 746 1898 808 Spanhemium
1933 746 1989 792 de
2016 742 2094 790 vsu
2120 758 2162 790 et

222 821 485 890 praestantia
505 814 824 866 numismatum
849 819 908 861 T.
933 817 986 860 ΙΙ.
1021 830 1118 877 pag.
1147 821 1232 872 183
1262 810 1323 875 sq.
1389 816 1460 860 De
1480 811 1696 876 Praefteio
1719 817 1948 860 Praetorio
1970 809 2165 859 consula-

223 907 297 940 tur
318 891 463 938 Marci
488 887 677 935 Antonii
700 884 931 944 Surgentis
961 881 1182 945 Neapolis
1208 879 1440 936 illustrata,
1479 879 1559 925 vbi
1584 897 1686 926 cum
1711 882 1929 942 Vicerege
1950 880 2167 944 Neapoli·

223 975 328 1007 tano
354 953 600 1004 confertur.
669 947 945 999 Prodiitiste
967 948 1080 994 liber
1101 949 1302 1011 primum
1325 948 1526 1011 Neapoli
1553 965 1691 1008 1597.
1711 946 1790 994 fol,
1811 948 1974 994 deinde
1994 947 2166 994 ibidem

204 1031 373 1078 *1602ss
392 1021 471 1070 sub
496 1023 584 1068 hoc
606 1019 760 1066 titulo:
807 1022 982 1064 Aureus
1014 1015 1246 1070 truecatus,
1282 1013 1499 1061 Praefesti
1529 1018 1757 1078 praetorio
1793 1017 2166 1079 reliquorumque

223 1096 518 1157 antiquorum
551 1084 915 1149 magistratuum,
948 1099 1052 1128 cum
1076 1083 1295 1142 Viceregc
1326 1083 1510 1144 aliisque
1531 1082 1855 1142 magistratibus
1887 1081 2028 1129 nostri
2054 1099 2167 1129 tem-

223 1164 352 1230 poris
376 1156 762 1223 comparationem
803 1150 1049 1197 instituens.
1110 1152 1243 1194 ,Tum
1275 1145 1464 1196 insertus
1496 1146 1557 1194 est
1583 1152 1640 1196 T.
1661 1150 1734 1198 IX.
1763 1148 1985 1197 Thesauri
2016 1151 2168 1198 Italiae

224 1231 343 1296 parti
370 1228 537 1274 tertiae.
649 1225 731 1267 Iac.
754 1218 981 1265 Perizonii
1012 1221 1058 1247 ¹0
1090 1213 1334 1279 disquisitio
1369 1216 1425 1262 de
1455 1217 1707 1270 Praetorio,
1741 1234 1882 1281 quum
1904 1217 2033 1274 alibi,
2068 1234 2168 1266 tum

224 1296 422 1346 maxime
440 1296 488 1354 in
512 1289 625 1347 vrbe
648 1291 793 1334 Roma
820 1287 1005 1350 eiusque
1027 1281 1267 1349 praefatio.
1291 1283 1436 1346 Lug-d.
1458 1288 1546 1330 Bat.
1576 1286 1714 1344 1696.
1744 1294 1786 1341 8.
1856 1284 2042 1346 Iacobus
2075 1290 2168 1334 Gu-

226 1367 398 1412 therius
419 1361 474 1407 de
496 1355 612 1405 offic.v
639 1356 809 1403 domus·
826 1350 1049 1416 Augustae
1070 1352 1147 1398 lib.
1174 1369 1216 1398 2.
1239 1368 1329 1416 cap.
1358 1366 1375 1399 1
1403 1348 1466 1415 sq.
1539 1350 1622 1398 Iul.
1643 1349 1798 1411 Caesar
1813 1354 2093 1414 Bulengerus
2112 1354 2169 1400 de

226 1433 429 1497 Imperio
461 1431 593 1475 ROm·
625 1423 702 1471 lib·
733 1441 773 1484 3·
802 1439 896 1486 cap-
921 1436 964 1472 2.
1035 1421 1260 1467 Laeuinus
1287 1419 1562 1466 Torrentius
1595 1433 1640 1466 et
1679 1417 1843 1479 Isaaneus
1884 1418 2169 1469 casaubonus

225 1502 346 1550 notis
371 1498 426 1545 ad
446 1495 716 1544 Suetonium
749 1495 807 1538 T.
831 1507 873 1537 2.
902 1506 948 1554 p.
974 1504 1069 1552 147
1090 1503 1133 1534 et
1159 1490 1267 1549 276.
1292 1488 1396 1536 edit.
1419 1488 1677 1534 Burmanni.
1747 1491 1870 1536 Ioan.
1897 1493 2042 1536 Henr.
2063 1494 2171 1537 Boe-

225 1570 370 1616 clerus
394 1566 449 1613 ad
470 1561 720 1611 Herodian.
742 1557 819 1606 lib.
849 1573 890 1606 1.
915 1574 1008 1621 cap.
1033 1575 1076 1614 9.
1096 1573 1141 1620 p.
1170 1571 1281 1618 374.
1351 1559 1506 1602 Petrus
1536 1555 1679 1602 Faber
1709 1555 1998 1604 Semestrium
2024 1557 2102 1604 lib.
2130 1572 2171 1605 1.

229 1654 265 1684 c.
295 1649 400 1695 1-3.
471 1635 627 1678 Petrus
648 1624 962 1686 Wess‘el'mgius
983 1622 1060 1670 lib.
1085 1640 1127 1669 2.
1163 1624 1386 1670 variarum
1417 1620 1782 1671 obseruationum
1817 1626 1962 1689 capite
1989 1626 2171 1672 vndeci.

229 1720 323 1758 mo,
345 1704 535 1749 etVIoan.
558 1701 671 1744 Dan.
693 1695 854 1740 Ritteri
882 1690 1066 1739 historia
1087 1688 1392 1755 praefesturae
1412 1694 1730 1756 praetorianae.
1753 1691 1933 1740 Witteb.
1960 1707 2101 1752 1745.
2125 1708 2169 1748 4.

229 1769 377 1818 Probe
415 1784 564 1814 autem
613 1760 925 1824 distinguenda
955 1757 1018 1806 est
1052 1760 1178 1805 vocis
1204 1762 1429 1806 Praetorii
1457 1757 1740 1818 significatio,
1788 1756 1819 1802 fi
1851 1757 1906 1803 de
1927 1773 1976 1802 re
2001 1757 2170 1804 vrbana

230 1836 468 1885 adhibetur
503 1834 555 1880 ab
589 1850 637 1879 ea
673 1829 853 1894 quando
884 1829 940 1875 de
976 1826 1110 1874 rebus
1150 1824 1501 1889 prouincialibus
1541 1820 1791 1887 vsurpatur.
1865 1825 2013 1870 Priori
2045 1826 2170 1871 enim

230 1901 357 1952 sensu
377 1904 614 1949 denotatur
637 1913 680 1944 et
701 1899 833 1950 locus,
870 1901 915 1941 in
933 1912 1014 1957 quo
1032 1898 1221 1940 Praetor
1237 1897 1302 1937 ius
1325 1893 1440 1942 dicit,
1470 1891 1767 1937 etcohortium
1788 1896 2172 1956 praetorianarum

232 1987 405 2039 corpus;
440 1966 680 2032 posteriori
702 1962 908 2010 habitatio
927 1960 1163 2027 praeficiam
1191 1962 1479 2005 Romanorum
1509 1963 1553 2004 in
1582 1958 1828 2023 prouinciis.¹
1898 1959 2016 2006 Vide
2046 1963 2169 2009 Ioan.

231 2039 354 2087 Tob.
387 2033 554 2084 Krebfii
586 2031 791 2078 libellum
833 2030 887 2075 de
918 2026 1000 2076 vsu
1028 2043 1071 2074 et
1101 2023 1359 2091 praestantia
1379 2028 1581 2071 Romana
1610 2025 1820 2074 historiae
1849 2029 1899 2074 in
1926 2030 1988 2072 N.
2011 2031 2068 2074 T.
2103 2030 2170 2075 in-

233 2105 567 2171 terpretatione.
591 2095 764 2163 Lipsiae
791 2109 927 2157 1744.
951 2103 992 2150 8.
1025 2111 1069 2159 p.
1100 2110 1173 2156 14.
1240 2096 1496 2142 Prouincias
1517 2095 1764 2141 Galliarum
1789 2113 1883 2142 non
1915 2096 1995 2143 nisi
2024 2115 2170 2147 vnum

235 2170 430 2225 h‘abuiffe
450 2165 731 2236 praefessum
752 2165 1009 2220 Praetorio,
1044 2164 1122 2227 qui
1145 2159 1286 2210 ditius
1310 2162 1358 2211 fit
1380 2159 1634 2226 praefefihis
1658 2166 1886 2213 Praetorio
1904 2166 2169 2223 Galliarum,

2127 2251 2171 2283 et

291 2382 311 2408 9
334 2375 461 2417 Italiae
489 2374 663 2430 regiones
692 2381 854 2426 quatuor
871 2365 1156 2425 fiaburbicarizee
1183 2362 1259 2411 fiue
1286 2365 1521 2412 suburbanae
1541 2368 1696 2411 fuerunt
1723 2369 1821 2410 intra
1841 2366 2059 2409 vicesimum
2078 2370 2171 2423 lapi..

224 2433 350 2482 dem,
384 2432 512 2472 Piceni
532 2443 637 2485 pars,
668 2427 824 2471 Tusciae
843 2440 946 2480 pars,
977 2427 1147 2474 Valeria,
1180 2427 1334 2470 Latium
1368 2438 1508 2467 ceterae
1534 2427 1772 2480 longinquae
1790 2425 2017 2464 annonariae
2037 2439 2056 2464 a
2078 2426 2171 2466 Dio·

222 2490 423 2534 vcletiano,
453 2501 548 2540 quae
576 2485 727 2531 Vicario
757 2485 882 2524 ltaliae
908 2481 1114 2537 parebant,
1146 2495 1410 2534 annonamque
1437 2483 1661 2523 exercitibus
1686 2479 1948 2528 conferebant,
1977 2481 2172 2528 Picenum,
2208 2498 2211 2499 ⁷

236 2544 392 2592 Tuscia,
421 2536 652 2595 Campania,
677 2541 898 2587 Samnium,
927 2538 1091 2578 Lucania
1114 2534 1372 2588 Bruttiorum,
1401 2538 1561 2592 Apulia,
1588 2537 1779 2584 Calabria,
1811 2534 1989 2582 Vmbria,
2032 2537 2170 2576 Flami·
2218 2567 2222 2569 -

238 2598 318 2643 nia,
346 2599 532 2644 Venetia,
555 2596 680 2642 istria,
717 2597 891 2650 Liguria,
925 2594 1119 2640 Aemilia,
1148 2594 1267 2647 Alpes
1290 2594 1457 2645 Cottiae,
1491 2593 1625 2634 Rhetia
1647 2593 1767 2647 prima
1787 2601 1823 2631 et
1843 2589 2018 2639 secunda,
2048 2592 2168 2633 Sicilia

239 2664 327 2693 tum
353 2651 499 2693 Corfica
518 2660 553 2691 et
573 2651 756 2692 Sardinia.
2018 2645 2022 2650 ’

297 2727 334 2750 ¹0
354 2720 515 2764 Historia
538 2721 613 2760 litis
633 2722 732 2761 inter
750 2721 923 2762 Vlricum
944 2720 1143 2761 Huberum
1160 2727 1195 2759 et
1216 2719 1341 2760 Iacob.
1353 2719 1597 2762 Perizonium
1614 2719 1662 2763 de
1681 2717 1828 2774 origine
1845 2725 1884 2761 et
1902 2714 2169 2773 significatione

238 2774 540 2856 vocis'g’taetotii
557 2776 718 2830 agitatae
738 2778 954 2822 recensetur
971 2777 1014 2821 in
1037 2779 1087 2824 A.
1111 2775 1225 2846 EfA·
1249 2778 1367 2833 1691-
1390 2790 1429 2831 p.
1452 2787 1546 2830 327.
1588 2785 1593 2792 ·
