2263 3027
876 82 878 84 ’
895 78 1118 141 INDEX
1152 78 1404 135 RERVM.

1237 203 1362 254 nerse
1383 202 1489 252 ibid.
1558 201 1636 249 Dii
1650 201 1748 250 irati
1771 216 1826 251 ex
1846 202 2116 266 imaginibus

1239 272 1465 321 discedere
1501 270 1796 319 credebantur
1832 271 1886 319 ab
1915 273 2116 321 Ethnicis

1247 357 1338 403 353
1410 344 1615 387 Deorum
1635 331 1855 402 imagines
1874 353 1964 403 quo
1978 340 2119 388 modo

1243 424 1425 456 ornatae
1481 405 1654 455 fuerint
1673 446 1689 471 ,
1751 405 2121 470 circumgestatae,

1245 476 1415 524 ablutae
1437 490 1480 523 et
1510 474 1792 530 verberatae,
1824 476 1935 522 item
1964 475 2020 522 de
2048 491 2121 522 eo-

1243 561 1348 592 rum
1359 544 1524 591 nimbis
1536 559 1579 590 et
1593 540 1752 589 sudore
1776 558 1872 604 354
1885 540 1944 607 sq.
2002 545 2123 590 Deo·

1244 629 1349 660 rum
1389 612 1503 658 varii
1543 611 1704 673 gradus
1738 624 1781 656 et
1821 627 1985 672 genera
2026 611 2122 672 356

1244 682 1325 726 Dii
1345 679 1552 726 tutelares
1565 693 1790 725 certorum
1805 678 2011 725 locorum
2027 692 2124 742 357
2208 715 2210 719 ,

1246 749 1327 812 qui
1355 744 1553 794 artificiis
1582 744 1825 812 praeessent
1863 754 1955 808 358
2045 745 2125 794 Dii

1249 815 1458 864 tutelares
1484 813 1607 861 orbis
1629 812 1869 861 Christiani
1905 829 1998 877 359
2031 809 2125 877 sqq.

1252 883 1495 930 hominum
1529 879 1800 932 consecratio
1829 882 1948 946 apud
1970 881 2126 929 Ethni-

1253 967 1328 997 cos
1357 954 1450 1007 366
1472 949 1534 1013 sq.
1598 952 1674 995 Dii
1695 966 1843 996 manes
1871 961 1966 1012 384
2026 951 2126 1012 Deo

1253 1018 1412 1079 ignoto
1440 1034 1511 1063 ara
1543 1017 1738 1063 dedic-ata
1770 1032 1863 1076 407
1943 1018 2041 1062 Diis
2062 1013 2130 1063 su-

1253 1087 1373 1150 peris
1386 1084 1546 1136 altaria,
1559 1081 1838 1130 terrestribus
1850 1100 1958 1137 arae,
1972 1081 2131 1131 inferis

1251 1151 1721 1216 fociponebantur41
1740 1166 1759 1201 1
1834 1152 1934 1198 Diis
1948 1149 2132 1199 diuersis

1253 1217 1423 1268 diuersa
1446 1217 1561 1267 sacra
1581 1217 1745 1266 fiebant
1772 1227 1871 1281 498
1941 1220 2133 1274 Plantae,

1256 1287 1453 1342 herbae,
1503 1288 1685 1335 arbores
1725 1287 1809 1334 diis
1847 1285 1990 1336 sacrae
2023 1286 2133 1343 ibid.

1255 1359 1407 1404 Deum
1437 1354 1662 1404 summum
1693 1355 1814 1403 cultu
1836 1371 2025 1405 externo
2044 1372 2134 1406 ma-

1258 1427 1404 1471 iorem
1427 1428 1505 1488 qui
1525 1424 1755 1473 statuerint
1789 1439 1883 1487 310

1188 1493 1492 1558 Delphinium
1518 1500 1613 1554 698

1190 1562 1376 1609 Denarii
1393 1560 1664 1610 Pontificum
1693 1569 1786 1619 801

1189 1632 1364 1694 Dexter
1387 1630 1510 1678 locus
1533 1631 1804 1691 honoratior
1824 1635 1937 1690 875-

164 211 378 263 Decimae
396 211 496 273 767
534 243 537 246 »

164 281 364 331 Βεςοίὶα
385 288 481 336 880

163 352 448 399 Decuriones
485 359 581 408 713
648 391 651 394 .

167 415 466 466 Decurliones
488 428 604 473 991,
630 422 753 472 1023
966 454 976 459 -

163 487 252 535 Dei
273 484 473 546 cognitio
507 481 563 527 ad
591 496 751 528 omnes
779 476 988 542 peruenit
1025 489 1118 537 307

234 568 322 619 pro
335 554 434 598 Deo·
449 548 621 596 cultum
631 547 751 613 apud
760 543 1121 608 Ethnic05,quod

234 622 310 667 vel
332 612 540 685 prodesse
569 616 644 664 vel
679 630 845 662 nocere
870 610 1035 678 poffet,
1071 625 1122 658 vt

233 686 344 736 astra
363 702 495 750 atque
516 700 586 731 res
607 682 849 736 naturale8‚
885 680 956 729 vel
975 677 1124 726 hoini-

229 772 313 814 nes
338 769 588 818 eorumque
619 748 906 809 affeffiones,
945 748 1020 794 vel
1052 763 1134 810 ges

230 825 301 873 nii
323 837 455 886 atque
481 820 723 868 daemones
749 835 773 883 3
788 834 804 866 1
826 836 840 864 ι
919 819 1056 864 Sexus
1077 817 1125 862 in

235 892 421 939 Diuinis
447 903 542 951 314
609 890 760 935 Deum
788 883 873 934 effe
895 886 1126 931 materiam

236 956 438 1007 vniuersi
490 956 623 1002 multi
662 952 787 1002 'falso
840 951 1127 1000 crediderunt

243 1032 340 1087 316
427 1026 538 1071 item
577 1022 672 1069 dari
709 1021 988 1087 principium
1022 1018 1130 1064 mali

237 1098 341 1141 Deo
363 1107 579 1139 coaeuum
606 1104 700 1152 317
771 1087 969 1134 Diiboni
985 1102 1027 1132 et
1040 1102 1128 1132 ma-

145 1190 154 1202 ‚
242 1161 279 1207 li
305 1166 397 1219 3¹8
476 1157 619 1204 malos
650 1156 783 1204 multi
811 1155 1050 1202 coluerunt
1071 1168 1129 1200 ne

240 1240 461 1277 nocerent
488 1240 582 1285 319
660 1225 740 1272 Dii
760 1220 1005 1288 σύνθξονοι,
1035 1217 1130 1272 ποί-

243 1290 403 1363 ξεὸξοι,
435 1291 677 1357 σύμβωμοι
700 1290 807 1338 ibid.
887 1291 986 1337 Diis
1015 1289 1132 1336 mul-

243 1365 417 1428 tiplicia
442 1363 630 1412 nomina
669 1359 836 1406 tributa
869 1355 1000 1407 fuere
1035 1372 1133 1421 320

240 1434 453 1479 Deorum
479 1429 700 1490 imagines
733 1442 821 1488 32¹
930 1425 1135 1488 genealo-

244 1500 320 1563 gia
344 1511 441 1561 322
516 1497 664 1544 Vnius
685 1509 729 1542 et
749 1491 916 1542 summi
933 1496 1019 1540 Dei
1044 1492 1135 1541 cul·

243 1581 318 1616 tus
342 1581 436 1630 323
492 1566 615 1614 varia
636 1564 822 1610 nomina
844 1561 953 1610 ibid.
1005 1576 1135 1610 tetra-

244 1649 536 1699 grammaton
564 1631 680 1680 illud
715 1640 836 1685 mn*
868 1628 977 1678 ibid.
1051 1629 1135 1676 alia

243 1704 435 1754 nomina
472 1704 515 1750 ei
546 1701 833 1764 'cognomina
865 1712 963 1760 3-24
1046 1699 1135 1745 Dei

246 1773 525 1819 Trinitatem
555 1769 724 1816 multos
753 1783 848 1815 non
882 1783 936 1814 ex
959 1765 1133 1813 Iudaeis

247 1840 390 1887 modo
411 1836 487 1886 sed
500 1836 848 1885 Mohamedanis
870 1844 1055 1899 quoque
1074 1848 1134 1881 at·
1158 1843 1162 1846 ’

244 1922 336 1970 que
353 1907 560 1953 Ethnicis
589 1900 823 1953 credidiffe
850 1902 1032 1966 quidam
1052 1900 1134 1948 fibi

247 1970 561 2039 persuaserunt
587 1988 609 2031 3
623 1986 684 2033 27
754 1971 1030 2016 Trinitatem
1041 1970 1134 2016 Pla-

247 2042 450 2088 tonicam
489 2054 532 2086 et
561 2037 891 2090 Aristotelicam
926 2052 1021 2083 non
1049 2033 1134 2082 effe

249 2124 350 2155 earn
379 2123 515 2171 quam
545 2101 788 2163 Christiani
811 2102 999 2150 credunt
1036 2115 1134 2164 329

250 2176 308 2223 de
326 2177 425 2222 Diis
446 2171 764 2237 falsisquinam
786 2166 1041 2234 scripserint
1075 2168 1134 2215 ib.

249 2241 393 2291 solem
437 2241 570 2289 multi
615 2255 701 2305 pro
739 2241 839 2286 Deo
881 2237 1137 2286 habuerunt

151 2351 154 2355 .
248 2326 353 2376 332
423 2310 498 2357 alii
519 2309 671 2364 lunam
689 2321 781 2368 333
854 2323 1029 2370 aquam,
1049 2321 1134 2353 ter-

249 2397 350 2428 ram
373 2414 384 2432 ‚
430 2380 586 2440 ignem
615 2376 787 2440 aliaque
819 2373 927 2420 ibid.
965 2390 1009 2421 et
1039 2390 1133 2432 347

247 2450 328 2495 Dii
341 2450 567 2511 Syrorum
585 2462 676 2507 330
734 2443 1013 2490 Phoenicum
1035 2455 1128 2502 331

254 2513 486 2563 Persarum
509 2527 604 2576 332
680 2512 1018 2574 Aegyptiorum
1041 2523 1131 2570 335

255 2586 538 2630 Graecorum
560 2596 655 2642 337
733 2576 1136 2626 Romanorumzib.

253 2647 546 2697 Etruscorum
577 2656 670 2712 348
714 2650 1055 2704 ‘Germanorum
1074 2644 1136 2692 ib.

255 2718 496 2791 Gallorum
520 2731 616 2790 35³
692 2716 772 2773 1)ὶὲ
801 2716 1009 2786 sentim
1035 2715 1137 2784 vni:

1189 1685 1381 1745 Diac'oni
1409 1700 1458 1745 in
1477 1698 1665 1747 Ecclesia
1690 1697 1938 1763 Christiana
1963 1702 2060 1747 662-

1189 1766 1407 1815 Diadema
1426 1769 1602 1831 Regum
1630 1768 1983 1831 Principumque
2000 1768 2101 1822 716

1189 1836 1333 1882 Diana
1368 1850 1465 1898 340
1569 1838 1738 1886 Dianae
1777 1829 1988 1898 Ephesiae
2026 1844 2136 1878 tem-

1259 1902 1387 1967 plum
1411 1919 1508 1964 409

1189 1968 1441 2016 DiEiatores
1464 1987 1520 2025 71
1536 1985 1557 2017 1
1998 2008 2000 2011 ,

1189 2036 1324 2081 Didia
1345 2052 1453 2095 gens
1477 2051 1575 2094 922
1916 2044 1919 2047 '
1961 2062 1966 2069 ·
2080 2066 2083 2069 >

1189 2102 1298 2149 Dies
1329 2104 1599 2149 Dominicus
1631 2114 1730 2162 452
1786 2103 1863 2152 ⁴de
1894 2103 1966 2152 die
1986 2108 2013 2160 ,'
2040 2099 2131 2169 quso

1255 2184 1381 2217 natus
1413 2168 1474 2216 est
1504 2168 1703 2218 Christus
1722 2208 1735 2228 ‚
1780 2173 1929 2221 variae
1960 2163 2133 2231 senten·

1257 2239 1342 2285 tiae
1365 2245 1464 2294 480
1488 2235 1579 2302 sqq.

1190 2306 1440 2368 Dignitates
1459 2306 1732 2355 academicae
1752 2322 1852 2372 939

1193 2376 1422 2439 Diptycha
1443 2390 1557 2436 703,
1580 2391 1672 2436 951
1698 2372 1791 2438 sqq.

1192 2444 1327 2488 Dirae
1342 2443 1622 2496 ludaeorum,
1635 2441 2003 2496 Christianorum,
2023 2443 2134 2492 Eth-¹
2221 2454 2226 2456 ’

1257 2511 1584 2573 nicorum522
1615 2507 1708 2575 sqq.

1191 2575 1464 2642 Disciplinae
1495 2594 1537 2625 et
1570 2577 1886 2641 flagellationes
1917 2574 2132 2628 Christia-

1259 2662 1422 2693 norum
1449 2649 1543 2702 586
1755 2674 1757 2676 ·
1897 2696 1900 2698 .

1193 2711 1416 2785 Discipuli
1443 2711 1608 2785 christi
1626 2713 1759 2786 mx,
1781 2714 1882 2779 ⁶52
1980 2739 2102 2833 ms
2214 2703 2218 2706 ⁴

2093 2793 2135 2833 e-
