2263 3027
243 134 343 196 '332
711 128 859 182 CAP.
892 126 1029 180 VIII.
1096 125 1192 180 Dn
1227 125 1695 181 GRAECORVM.

243 257 413 305 Baalim
431 253 607 321 Jurieus
626 253 654 301 1.
675 268 712 303 c.
738 269 863 319 parte
882 269 926 317 4.
943 250 1066 300 trast.
1083 266 1125 311 3.
1146 269 1183 301 c.
1198 269 1240 311 4.
1262 269 1307 317 p.
1326 251 1540 318 599.sqq.
1572 268 1615 300 et
1631 248 1870 300 Pfeifferus
1895 252 1922 299 I.
1944 269 1979 301 c.
1997 269 2040 319 p.
2065 264 2176 318 336.

243 328 315 372 De
332 328 517 386 Arioniae
536 330 711 373 Antom
728 325 956 369 Banierius
977 337 1168 368 memor.
1189 321 1322 368 Acad.
1345 317 1697 386 Inscriptionum
1733 324 1792 366 T.
1811 335 1855 381 4.
1883 337 1924 385 p.
1958 329 2059 381 136.
2080 321 2175 387 sqq.

243 395 315 439 De
346 393 605 438 Meleathoro
636 405 679 437 et
710 391 838 453 Vfi2ro
869 391 971 454 (qui
1003 390 1118 437 male
1151 386 1385 456 Θησωυξὸς
1413 391 1574 437 dicitur
1596 406 1619 436 a
1643 388 1820 434 Co'dino
1848 389 1896 435 in
1926 389 2178 450 originibus
2254 453 2261 458 .

243 459 521 524 Cpolitanis)
543 456 764 524 Eusebius
779 462 1023 522 Praeparat.
1041 458 1320 521 euangelicae
1338 460 1371 504 I.
1393 471 1466 506 10.
1496 473 1541 506 et
1568 474 1667 523 pag.
1687 461 1803 519 465.
1824 471 1934 504 orat.
1964 457 2019 504 de
2039 456 2177 514 laudi-

242 526 325 575 bus
349 526 639 575 Constantini.
1121 537 1125 541 '
1892 542 1897 549 ‘

378 598 477 642 XII.
514 598 585 641 De
604 593 802 642 Mithrae
823 590 911 641 fine
931 590 1035 640 solis
1055 592 1178 641 cultu
1197 592 1316 657 apud
1337 590 1487 640 Persas
1505 595 1643 658 multa
1670 591 1846 641 Thomas
1861 593 1991 654 Hyde
2012 609 2106 658 cap.
2127 608 2184 653 4.-

243 663 300 710 de
320 664 540 725 religione
563 679 769 711 veterum
794 658 1037 708 Persarum.
1112 662 1328 708 Adrianus
1355 662 1564 709 [zelandus
1595 660 1771 709 Differt.
1795 657 1974 708 miscell.
1998 663 2042 709 P.
2059 680 2098 709 2.
2129 678 2186 726 p..

249 739 355 788 198.
394 732 602 798 Philippus
623 749 648 777 a
676 734 820 777 Turre
840 730 889 782 in
909 730 1217 776 monumentis
1240 729 1405 774 veteris
1416 730 1543 774 A'ntii
1563 747 1660 794 pag.
1683 745 1785 792 194.
1806 727 1886 774 vbi
1907 728 2052 775 tabula
2071 722 2185 776 solis

240 800 453 847 Mithrae.
523 802 604 847 Iac.
626 801 800 865 Spom'us
819 799 866 844 in
888 794 1177 857 miscellaneis
1199 797 1396 844 eruditae
1415 797 1702 859 antiquitatis.
1777 799 1927 844 Anton.
1947 800 2175 845 Banierius

240 866 444 930 Mythol.
473 868 717 931 explicatae
739 865 914 914 Vol.ll.
942 869 986 911 P.
1000 865 1029 911 Ι.
1060 863 1133 912 lib.
1154 882 1193 925 3.
1224 880 1317 912 c.2.
1404 858 1639 926 Eustachius
1656 865 1908 912 Guill'emeau
1927 866 1971 910 in
1992 861 2174 928 Exposi-

240 935 367 981 tione
391 933 548 981 statuae
569 936 654 980 Dei
675 935 885 981 Mithrae.
941 934 1196 994 (Memoire
1223 928 1294 977 sur
1321 949 1379 977 un
1409 929 1629 980 Basrelief
1649 933 1710 980 du
1735 933 1853 977 Dieu
1885 933 2098 993 Mithras)
2126 933 2174 978 in

238 1003 475 1056 memoriis
496 1002 777 1048 Treuoltinis
798 1008 851 1047 A.
872 1014 1009 1059 1724.
1039 998 1188 1047 mense
1218 997 1344 1045 Febr.
1368 1016 1467 1063 pag.
1492 1016 1606 1063 297.
1643 1015 1686 1047 et
1713 997 1869 1046 auE'tor
1894 998 1997 1045 libri
2028 999 2176 1060 gallici

239 1067 412 1133 saepius
435 1070 618 1115 laudati:
655 1070 917 1134 Explication
935 1069 983 1112 de
1004 1069 1147 1114 divers
1163 1084 1401 1114 mommtens
1422 1084 1520 1131 pag.
1540 1085 1598 1126 23
1616 1064 1755 1130 ¹.sqq.
1825 1071 1890 1112 Ac
1915 1064 2052 1113 solem
2079 1068 2180 1131 qui-

226 1135 344 1183 'dem
365 1154 457 1182 non
479 1154 498 1182 a
519 1135 655 1182 Persis
687 1152 859 1183 tantum
890 1135 1059 1182 cultum
1085 1133 1169 1182 effe
1199 1151 1408 1198 tanquam
1438 1138 1613 1190 Deum,
1650 1132 1723 1182 sed
1743 1130 1820 1179 sub
1844 1134 2106 1181 nominibus
2130 1150 2174 1181 et

238 1201 458 1268 symbolis
489 1206 623 1250 variis
655 1220 696 1250 et
728 1202 1052 1267 multiplicibus
1088 1204 1320 1250 adoratum
1341 1219 1363 1247 a
1384 1216 1479 1247 toto
1510 1204 1698 1259 Oriente
1718 1217 1759 1248 et
1779 1201 1875 1247 aliis
1903 1202 2177 1258 nationibus,

236 1274 463 1337 praeclare
483 1270 720 1318 ostendunt
738 1272 827 1317 viri
850 1268 973 1318 doffi
997 1272 1049 1317 ad
1073 1269 1359 1318 Macrobium
1382 1269 1458 1317 lib.
1478 1286 1515 1314 1.
1535 1269 1747 1315 Saturnal.
1772 1286 1805 1314 c.
1827 1284 1896 1327 17.
1909 1267 2002 1333 sqq.
2058 1273 2174 1319 Ioan.

236 1343 456 1389 Braunius
476 1339 548 1386 lib.
574 1356 617 1401 4.
641 1337 840 1386 selec‘tor.
860 1336 1110 1393 sacrorum,
1147 1339 1299 1395 Vqffim
1321 1335 1397 1381 lib.
1414 1353 1456 1381 2.
1493 1335 1546 1381 de
1570 1336 1842 1388 idololatria,
1883 1335 2067 1382 Gisbert.
2098 1341 2173 1384 Cu-

227 1410 426 1474 perusin
447 1404 524 1452 suo
546 1411 848 1470 Harpocrate‚
890 1408 969 1450 Iac.
995 1408 1168 1470 Sponius
1191 1406 1237 1447 in
1258 1400 1554 1449 Miscellaneis
1576 1419 1618 1466 p.
1641 1411 1716 1460 87.
1738 1399 1826 1465 seq.
1857 1417 1899 1448 et
1930 1402 2047 1449 libro
2069 1404 2178 1454 Gal-,

233 1475 347 1528 lico,
392 1473 625 1520 Recherche
644 1475 711 1519 des
730 1476 1003 1534 Antiquam,
1042 1474 1154 1517 Ioan.
1184 1473 1300 1517 Bona
1326 1470 1380 1516 de
1411 1464 1563 1515 diuina
1592 1467 1836 1517 Psalmodia
1869 1487 1911 1534 p.
1940 1469 2172 1536 4373sqq.
2240 1509 2243 1513 s

233 1544 346 1589 Ioan.
368 1545 507 1590 Henr.
535 1543 702 1604 Vrstnus
720 1538 899 1588 analect
922 1543 1038 1587 Sacr.
1060 1539 1162 1584 Vol.
1179 1554 1219 1585 2.
1240 1536 1315 1583 lib.
1334 1553 1373 1596 3.
1393 1554 1437 1601 p.
1459 1535 1668 1603 153.sqq.
1740 1541 1849 1585 Ioan.
1863 1541 2011 1585 Franc.
2035 1542 2171 1586 Gran-

233 1612 298 1656 dis
329 1612 373 1656 in
406 1607 498 1656 diff.
542 1609 597 1655 de
631 1610 765 1655 variis
797 1610 884 1654 Dei
915 1605 1181 1653 nominibus
1214 1606 1307 1652 Soli
1351 1603 1597 1660 attributis,
1644 1609 1932 1667 Hieronymus
1965 1607 2174 1655 Aleander

235 1678 388 1725 iunior
419 1679 466 1723 in
499 1675 776 1740 expolitione
806 1675 977 1722 tabulae
1005 1674 1237 1725 Heliacae,
1282 1675 1452 1720 Romae
1482 1679 1619 1719 1616.
1657 1691 1707 1730 4..
1734 1677 1777 1721 et'
1815 1677 1875 1723 T.
1892 1677 1944 1719 V.
1975 1672 2170 1740 thesaur-i

235 1745 499 1795 Graeuiani,
534 1745 611 1805 qui
642 1745 757 1789 inter
794 1743 876 1789 alia
896 1741 1143 1789 Herculem
1167 1757 1348 1805 quoque
1369 1736 1412 1787 et
1435 1742 1739 1793 Mercurium,
1776 1741 2088 1804 Bacchumque
2108 1736 2168 1790 at-

235 1828 322 1876 que
350 1811 612 1875 Apollinem
646 1825 770 1857 notat
798 1827 940 1856 vnum
974 1810 1185 1874 idemque
1212 1812 1402 1855 Numen
1433 1808 1546 1854 Solis
1581 1805 1777 1868 referre,
1823 1808 1880 1854 ita
1903 1810 2084 1871 quidem
2116 1824 2168 1856 vt
2230 1818 2239 1819 ’

233 1879 403 1943 Apollo
435 1877 661 1932 aestatem,
700 1880 894 1926 Bacchus
922 1893 1187 1924 autumnum
1209 1910 1220 1931 ‚
1266 1876 1487 1923 Hercules
1518 1877 1715 1923 hiemem
1739 1909 1753 1930 >
1799 1878 2054 1922 Mercurius
2084 1893 2166 1923 ver

232 1946 442 2011 praestet,
461 1961 504 1992 et
517 1947 727 1992 Herculis
752 1946 990 1992 duodecim
1017 1946 1188 1992 labores
1213 1945 1327 1990 nihil
1349 1943 1468 1990 aliud
1493 1943 1730 2001 denotent,
1763 1960 1893 2005 quam
1916 1945 2030 1990 Solis
2050 1959 2166 1991 tran·
2252 1998 2255 2000 Ὺ

231 2013 361 2063 fitum
382 2030 465 2078 per
483 2013 671 2059 totidem
693 2012 811 2075 ligna
832 2012 1039 2060 caelestia.
1083 2014 1298 2061 Hemina
1320 2010 1556 2057 Lubhertm
1577 2014 1622 2056 in
1641 2013 1968 2079 Ἡλιολατξειόρ
1999 2010 2084 2059 fiue
2108 2012 2164 2070 de

231 2079 335 2128 solis
361 2082 494 2128 cultu.
542 2087 679 2138 1672.
716 2098 781 2128 12.
814 2097 856 2127 et
888 2080 1103 2143 Chrzstian,
1140 2077 1396 2125 Nettelhladt
1429 2080 1472 2124 in
1511 2075 1809 2126 dissertatione
1838 2078 1893 2125 de
1921 2080 2008 2126 hoc
2037 2081 2175 2142 argu-s

230 2164 402 2197 mento.
437 2149 696 2212 Gryphisw.
729 2162 866 2210 1734.
897 2163 969 2202 η.
1047 2151 1114 2193 De
1146 2151 1309 2194 Marna
1335 2145 1705 2200 Pal-aestiuorum>
1747 2149 1886 2210 quiet
1909 2144 2000 2211 ipse
2021 2144 2163 2195 solem
2203 2167 2226 2184 ⁷⁴

229 2215 522 2279 fignificabat,
565 2231 740 2279 praeter
762 2217 862 2262 alias
885 2214 1068 2262 videndi
1094 2213 1302 2260 Norifius
1331 2212 1421 2260 diff.
1449 2219 1496 2259 V.
1525 2212 1578 2261 de
1608 2215 2022 2278 Syromacedonum
2044 2214 2166 2279 Epo·

231 2286 326 2336 chis
347 2299 389 2331 et
411 2283 634 2330 Abraham
658 2283 846 2330 Sellerus
869 2284 914 2328 in
937 2281 1288 2346 Antiquitatibus
1311 2282 1587 2345 Palmyrenis
1611 2300 1700 2346 cap.
1721 2300 1760 2343 3.
1837 2285 1905 2328 De
1925 2288 2041 2345 equis
2059 2283 2163 2329 Solis

227 2352 440 2400 Ezechiel
459 2353 756 2415 Spanhemius
778 2351 831 2397 ad
853 2351 1175 2397 Callimachum
1197 2367 1243 2415 p.
1260 2365 1369 2412 434.
1447 2351 1652 2405 Barthius
1676 2352 1728 2397 ad
1740 2350 1935 2397 Statium
1964 2354 2023 2396 T.
2049 2366 2087 2410 3.
2117 2366 2162 2415 p.
2258 2391 2259 2419 ᾗ

226 2435 341 2483 43ς.
396 2423 550 2466 Petrus
566 2420 744 2483 Jurieus
765 2417 934 2465 Histor.
959 2418 1154 2479 dogmat.
1173 2422 1217 2464 P.
1232 2421 1306 2465 IV.
1332 2431 1482 2482 p.723
1511 2432 1553 2463 et
1573 2432 1684 2480 797.
1705 2417 1785 2464 vbi
1810 2418 1863 2464 de
1883 2416 2017 2464 Persis
2039 2415 2163 2464 diffe-
2257 2448 2258 2461 i

228 2491 310 2544 rit,
343 2504 482 2550 equos
503 2486 625 2532 albos
649 2483 732 2532 soli
756 2484 1125 2533 consecrantibus.
1203 2484 1326 2532 Iefias
1350 2482 1487 2531 [effen
1511 2485 1565 2531 de
1585 2488 1710 2548 equis
1731 2501 1774 2533 et
1794 2485 2019 2549 quadrigis
2041 2482 2159 2538 solis.
2255 2494 2257 2498 ’

229 2552 373 2602 Hafn.
397 2569 535 2612 1704.
551 2569 593 2601 et
606 2552 841 2600 Christian.
863 2554 1001 2600 Wilh.
1024 2550 1132 2600 Bose
1156 2552 1213 2599 de
1237 2552 1340 2598 lolia
1367 2553 1600 2616 quadrigas
1619 2551 1722 2599 solis
1742 2570 2018 2600 remouente.
2040 2540 2160 2618 Lips.
2255 2548 2256 2556 ¹

234 2635 376 2678 1741-
446 2625 514 2666 De
540 2619 685 2684 Coloſjb
707 2639 728 2667 a
747 2621 938 2682 Rhodiis
959 2622 1052 2668 Soli
1076 2621 1218 2667 dicato
1240 2620 1483 2667 Turnebus
1507 2625 1629 2669 VIII.
1672 2637 1744 2684 24.
1773 2618 2160 2667 Aduersariorum.

227 2686 417 2736 Allatius
440 2687 490 2730 ad
513 2688 750 2735 Philonem
781 2694 884 2753 Byz.
911 2704 954 2735 et
975 2684 1168 2750 Cangius
1197 2690 1250 2735 ad
1287 2692 1511 2743 Zonaram
1539 2705 1584 2752 p.
1607 2692 1686 2743 67.
1751 2691 1820 2735 De
1853 2689 1948 2734 aliis
1975 2680 2160 2735 Colossis
2251 2695 2253 2732 i

227 2755 282 2807 ad
301 2751 471 2813 Rhodii
492 2755 753 2819 exemplum
779 2757 970 2826 conditis
992 2756 1167 2807 Paullus
1193 2759 1380 2808 Voetius
1400 2757 1454 2805 ad
1472 2756 1788 2806 Herodianum
1816 2773 1915 2823 pag.
1943 2763 2044 2813 186.
2066 2752 2156 2816 seq.
2250 2761 2251 2765 ’

2088 2819 2251 2867 Des
