2263 3027
215 129 316 183 774
835 114 989 173 CAR-2
1020 113 1171 166 xvi:
1225 95 1501 169 CENsvsz

212 241 274 288 N.
307 243 366 287 T.
386 239 761 304 interpretatione
788 249 837 302 p.
861 252 923 288 22
945 235 1041 302 sqq.
1101 239 1234 286 Jo'an.
1259 238 1611 289 Struckmannus
1632 238 1677 285 in
1702 240 2157 297 commentationibus

211 307 352 360 binis,
394 307 447 353 de
471 306 768 371 portitoribus
806 310 854 352 in
883 307 1042 352 litteris
1068 308 1308 361 Romanis,
1342 323 1384 352 et
1407 307 1461 353 de
1484 305 1782 370 portitoribus
1812 303 1887 354 seu
1907 307 2155 370 publicanis

210 377 260 423 in
284 378 347 426 N.
370 379 428 421 T.
453 374 615 421 obuiis.
641 379 868 435 LemgOV.
903 389 1038 432 1750.
1060 391 1106 430 4.
1178 378 1314 422 Conr.
1340 379 1452 420 Sam.
1479 371 1802 420 Schurzfleisch
1832 377 1876 421 in
1910 373 2072 424 differt.
2104 377 2161 424 de

212 443 374 490 ordine
397 442 757 507 publicanorum.
785 440 969 489 Witteb.
1000 450 1140 502 1689.
1174 458 1217 490 et
1243 433 1360 489 Dan.
1379 443 1502 489 Guil.
1525 441 1696 491 Moller
1725 444 1788 490 ins
1807 439 1968 488 differt.
1998 443 2053 489 de
2081 446 2166 507 pu?

215 509 414 558 blicanis.
439 508 649 558 Altdorfii
678 525 819 570 1703.
848 514 958 566 „De
976 509 1193 556 reditibus
1219 526 1262 557 et
1281 507 1575 571 vefflgalibus
1604 507 1833 560 Pontificis
1853 511 2049 568 Romani·
2074 511 2167 572 agi·

213 593 288 626 tur
309 580 356 624 in
387 577 541 625 libello
568 577 618 624 ab
643 578 880 624 Elzeuiriis
912 578 1013 644 plus
1046 576 1237 642 fimplici
1268 579 1367 624 vice
1400 580 1447 623 in
1480 579 1650 629 minori
1681 575 1831 624 forma
1862 573 2044 630 excuso,
2081 576 2166 624 sub‘

211 646 369 700 titulo,
407 643 674 712 Respublica
685 649 900 704 Romana,
921 663 1027 712 pag,
1054 660 1145 709 523
1171 643 1232 710 sq.
1263 660 1306 693 et
1333 649 1382 692 in
1404 644 1521 692 libro
1547 645 1705 707 gallice
1725 645 1874 703 edito,
1913 641 2095 693 Tableau
2112 647 2167 692 de

215 717 361 765 Rome.
1551 759 1555 764 ,
1750 716 1755 722 ’

350 877 422 922 De
444 875 571 937 Ccnfit
596 875 939 930 Romanorum,
975 873 1082 922 vide
1113 868 1352 939 scriptores
1384 871 1439 921 de
1471 870 1765 928 Censoribus‚
1808 872 2008 922 laudatos
2033 871 2168 941 supra

220 959 315 1008 cap.
347 957 418 1001 14.
445 960 488 1007 p.
512 956 622 1004 705.
645 958 688 990 et
710 948 754 991 Β.
777 943 890 990 Phil.
914 944 1026 989 Lud.
1050 941 1405 989 Hannekenium
1435 940 1598 987 differt.
1628 959 1672 1002 4.
1704 942 1758 987 de
1791 960 1895 988 cura
1926 935 2177 1004 domestica

217 1013 531 1058 Roman-orum
555 1027 655 1075 pag.
686 1025 774 1072 ις’]
804 1007 866 1073 sq.
937 1014 1198 1056 Numerum
1219 1010 1462 1055 hominurn
1493 1027 1516 1054 a
1537 1011 1681 1055 Serui-i
1699 1009 1845 1055 Tullii
1879 1009 2167 1075 'temporibus

216 1081 387 1126 Romae
417 1079 604 1125 durante
651 1077 791 1126 libera
827 1077 1073 1141 Republica
1118 1079 1165 1121 in
1216 1073 1401 1122 censum
1458 1076 1700 1122 relatorum
1757 1077 1917 1124 ordine
1973 1073 2165 1142 exponit

205 1144 273 1194 ‘1s.
298 1144 475 1192 Voffius
495 1163 585 1210 cap.
611 1153 652 1194 6.
675 1145 731 1191 de
762 1144 1074 1205 magnitud-ine
1105 1146 1276 1190 Romae
1311 1144 1489 1189 veteris,
1560 1146 1630 1190 De
1659 1141 1783 1190 lustri
1816 1140 2044 1192 condendi
2077 1148 2168 1192 ritu
2239 1143 2253 1157 ³

218 1220 272 1263 A.
301 1216 405 1275 Pagi
434 1214 487 1259 ad
517 1219 571 1264 Α.
592 1216 638 1259 C.
673 1228 740 1274 ¹4.
771 1229 896 1259 num.
927 1226 965 1269 ς.
1021 1212 1232 1276 Orphani
1264 1226 1390 1259 antea
1419 1212 1671 1268 immunes,
1705 1228 1729 1258 a
1760 1213 1952 1260 Camillo
1982 1210 2167 1262 censore

218 1284 459 1335 ὑποτελεῖς
477 1278 585 1328 faffi
609 1277 721 1328 sun-t.
804 1280 1027 1330 Plutarch.
1053 1279 1244 1328 Camillo
1262 1277 1351 1329 fol.
1383 1292 1494 1350 129.

361 1451 434 1501 De
455 1453 698 1501 rationario
712 1449 899 1516 Augusti
919 1450 1014 1500 fiue
1028 1448 1254 1499 breuiario
1278 1448 1461 1517 imperii
1485 1444 1666 1515 eiusque
1688 1448 1906 1500 reditibus
1927 1449 2035 1499 vide
2056 1466 2170 1515 quae

218 1521 310 1570 viri
340 1519 463 1570 doffi
495 1521 548 1569 ad
580 1525 845 1569 Suetonium
868 1519 1049 1583 August.
1087 1538 1176 1585 cap.
1198 1530 1278 1577 28.
1348 1522 1602 1585 Rujfiertum
1631 1520 1686 1566 ad
1715 1521 1902 1568 Florum
1933 1537 2032 1585 pag.
2064 1536 2169 1579 117.

221 1593 286 1638 10.
309 1589 486 1637 Christi.
507 1591 615 1637 Neu
637 1587 800 1636 differt.
823 1590 875 1635 de
900 1588 1124 1636 breuiario
1152 1587 1350 1650 Augusti.
1368 1587 1486 1635 Tub.
1516 1603 1655 1649 1709.
1726 1588 2018 1636 Lambecium
2034 1587 2109 1633 lib.
2124 1605 2170 1635 α.

222 1659 530 1705 Commentar.
565 1658 621 1704 de
643 1657 752 1705 Ribl.
778 1652 977 1705 Vindob.
1006 1674 1106 1721 pag.
1129 1671 1206 1717 72.
1242 1659 1372 1720 eique
1400 1656 1598 1703 laudatos
1623 1659 1705 1703 Iac.
1726 1658 2004 1705 Gutherium
2028 1655 2103 1703 lib.
2129 1669 2169 1702 Ι.

225 1725 282 1772 de
314 1723 474 1771 officiis
504 1727 666 1772 domus
690 1722 909 1787 Augustae
939 1742 1031 1790 cap.
1060 1742 1098 1772 2.
1148 1724 1448 1786 Bulengemm
1482 1725 1534 1770 de
1567 1726 1762 1787 imperio
1794 1738 1990 1773 romano
2008 1725 2063 1767 ΙΙ.
2094 1733 2168 1769 12.

225 1790 383 1856 hisque
408 1793 708 1857 addeduplex
731 1796 1020 1839 rationarium
1035 1827 1045 1846 ,
1083 1795 1205 1856 quod
1225 1809 1380 1853 graece
1400 1808 1443 1837 et
1464 1788 1599 1836 latine
1616 1790 1861 1836 ¹ediderunt
1888 1786 2170 1836 Benedissini

226 1861 274 1906 in
294 1858 501 1906 analeffis
519 1863 686 1920 graecis
704 1857 833 1906 Paris.
869 1865 1004 1915 1668.
1018 1877 1060 1915 4.
1085 1877 1183 1924 pag.
1202 1875 1257 1916 32
1275 1875 1307 1904 ι.
1331 1874 1373 1904 et
1394 1862 1448 1904 V.
1463 1855 1510 1905 C.
1537 1857 1617 1904 lac.
1638 1857 1905 1904 Gronouius
1929 1857 1982 1902 ad
2003 1855 2170 1902 calcem

226 1925 451 1974 librorum
476 1930 671 1990 parentis
692 1925 757 1973 sui
777 1928 832 1973 de
851 1925 1055 1974 sestertiis
1078 1927 1220 1987 Lugd.
1236 1930 1322 1971 Bat.
1352 1932 1489 1984 ¹691·
1512 1941 1557 1986 4.
1628 1928 1883 1987 Vtrumque
1901 1938 2047 1970 autem
2072 1923 2169 1969 bre-

225 1994 420 2042 uiarium
444 1992 533 2039 siue
553 1997 843 2040 rationarium
873 1995 1094 2040 recentius
1122 1993 1314 2044 videtur,
1335 2009 1480 2055 neque
1514 1994 1640 2055 prius
1664 2009 1715 2038 ex
1739 1992 1825 2037 illis
1849 1988 2019 2037 Caesari
2041 1987 2171 2037 OE’ca-

227 2062 304 2110 uio
328 2059 526 2123 Augusto
559 2059 678 2108 reste
711 2056 944 2113 tribuitur,
984 2062 1198 2123 quoniam
1228 2056 1441 2122 frequens
1471 2060 1544 2104 hic
1572 2058 1632 2105 est
1665 2053 1995 2106 Graeculorum
2025 2075 2167 2113 error,

227 2146 606 2195 quorumcunque
627 2127 932 2190 Augustorum
954 2127 1042 2174 fiue
1065 2131 1392 2191 Imperatorum
1430 2144 1499 2173 res
1533 2142 1575 2173 et
1606 2125 1802 2173 instituta
1832 2127 1886 2172 ad
1917 2125 2170 2188 Augustum

227 2196 399 2245 referre
420 2212 549 2260 atque
572 2196 676 2243 inde
711 2213 890 2258 magnas
921 2213 1058 2257 nugas
1082 2192 1388 2260 superaddere.
1458 2191 1591 2244 Conf.
1627 2194 1681 2242 de
1712 2196 1894 2259 imperii
1924 2196 2168 2245 rationario

227 2262 400 2313 Salmas.
414 2282 510 2329 pag.
539 2271 589 2320 8<
606 2275 645 2321 8.
671 2264 724 2309 ad
745 2263 965 2317 Solinum,
991 2264 1203 2310 editionis
1227 2260 1354 2312 Paris.
1378 2277 1419 2313 et
1443 2266 1524 2310 Iac.
1547 2259 1868 2312 Godofredum
1891 2261 1945 2309 ad
1964 2262 2169 2310 codicem

226 2332 596 2382 Theodofianum
617 2347 746 2379 tomo
769 2345 812 2380 2.
830 2349 930 2397 pag.
951 2339 1063 2389 481.

360 2500 431 2544 De
455 2499 733 2546 Graecorum
754 2496 1156 2560 Romanorumque
1183 2510 1413 2552 veterum,
1448 2495 1518 2544 ντὶ
1537 2491 1774 2545 Gallorum
1807 2494 1989 2557 quoque
2017 2508 2170 2542 recen-

230 2563 345 2610 tium
368 2567 502 2612 variis
523 2565 731 2612 institutis
751 2566 802 2611 ad
828 2565 1189 2629 promouendam
1213 2565 1527 2612 abundantiam
1547 2582 1698 2612 rerum
1720 2559 2169 2617 neceffariarum‚fre-

231 2632 569 2695 quentandaque
600 2651 700 2680 cum
737 2632 886 2679 frussu
918 2648 1094 2699 praeter
1124 2635 1440 2694 agriculturam
1474 2632 1654 2698 opificia
1679 2649 1727 2678 ac
1765 2631 2058 2688 commercia,
2101 2630 2168 2675 vi·
2256 2666 2257 2669 ,

232 2698 430 2746 olendum
453 2714 566 2764 opus
593 2701 717 2765 quod
747 2702 904 2765 gallice
938 2701 1080 2752 edidit
1108 2704 1177 2752 M.
1206 2702 1261 2751 de
1293 2702 1334 2751 la
1363 2705 1494 2752 Mare
1521 2696 1651 2750 Paris.
1676 2703 1817 2762 1710'.
1837 2694 1918 2747 fol.
1937 2695 2168 2771 subtitulo
2222 2704 2227 2707 “

1512 2794 1515 2795 ’
1811 2783 1814 2786 ’
1953 2804 1956 2807 .
2060 2767 2200 2813 trab*
2254 2787 2256 2809 z

2136 2940 2168 2958 n-
2250 2924 2253 2955 ‚i
