2263 3027
774 101 1003 164 acles,
1039 103 1330 158 cas-rna,
1386 92 1389 94 ’
1421 146 1425 149 .
1929 64 2024 177 82}

97 227 207 275 lieni
227 245 334 278 tom.
366 245 399 278 ι.
437 246 481 295 p.
507 235 600 278 166
623 226 717 294 sqq'.
789 228 998 276 Claudius
1020 228 1246 277 Salmalius
1279 230 1335 279 de
1362 246 1412 277 re
1441 231 1621 278 militari
1646 234 1837 279 Roman.
1869 249 1960 297 cap.
1983 240 2027 283 6,

22 308 26 312 ·
97 296 240 345 Iustus
272 296 446 362 Lipsius
477 299 532 345 de
562 299 722 344 militia
751 300 880 344 Rom.
913 295 989 343 lib.
1012 313 1053 345 2.
1090 299 1190 344 dial.
1217 312 1259 359 5.
1291 314 1333 346 et
1363 300 1634 346 Guilielmus
1661 297 1944 362 Musgrauius
1981 303 2029 347 in

98 365 282 430 epistola
337 368 391 414 de
443 365 697 428 legionibus
745 366 961 411 Romanis
981 398 991 418 ,
1052 364 1214 413 inserta
1257 364 1654 414 Transafflonibus
1697 366 2028 434 philosophicis

92 434 188 479 vol.
215 443 293 490 80·
327 451 424 498 pag.
446 443 508 489 28
533 431 622 497 qu.
657 447 700 478 et
731 430 926 480 eiusdem
951 431 1198 495 Musgrauii
1225 434 1558 498 antiquitatibus
1577 437 1818 482 Britanno·
1839 438 2028 498 Belgicis

93 501 186 550 vol.
209 519 253 564 4.
282 519 379 566 pag.
405 517 460 562 33
482 499 572 564 sqq.
640 497 754 546 Iscae
780 503 1086 546 Dunmunior.
1125 516 1263 560 1720.
1289 509 1356 557 8.·
1402 500 1624 549 Vniuerso
1655 504 1869 550 exercitui
1904 520 2029 568 prae·

97 585 189 616 erat
210 573 470 635 Imperator,
505 568 558 613 de
581 583 670 630 quo
696 566 869 631 Lipsius
890 567 970 616 lib.
993 581 1038 617 2.
1059 584 1151 632 cap.
1181 584 1251 616 12.
1273 584 1315 614 et
1335 569 1491 629 Aegid.
1513 569 1768 616 Strauchius
1792 571 1839 616 in
1863 569 2027 617 differt.

99 637 155 685 de
178 641 476 702 Imperatore,
513 633 615 690 siue,
639 635 750 681 duce
774 637 993 682 exercitus
1017 639 1067 684 R.
1093 634 1283 681 summO.
1298 636 1482 686 Witteb.
1504 641 1644 693 1659.
1666 636 1892 701 triplicem
1913 655 2025 684 vero

93 702 458 768 significationem
481 702 613 748 huius
649 701 860 749 vocabuli
891 701 1095 750 obseruat
1121 704 1350 750 Ferrarius
1379 702 1453 749 lib.
1477 710 1521 751 6.
1553 704 1607 751 de
1638 705 2025 752 acclamationibus

91 787 298 820 veterum
327 788 418 836 cap.
441 776 483 824 8.
502 783 629 816 tomo
652 776 696 818 6.
724 774 890 818 Graev.
966 772 1201 835 Accipitur
1220 772 1343 816 enim
1367 770 1441 816 vel
1469 787 1555 835 pro
1576 775 1702 819 Duce
1731 772 1805 819 vel
1832 789 1919 838 pro
1943 774 2025 820 Vi-

93 839 219 888 &ore
238 840 310 886 vel
328 855 414 904 pro
435 841 571 899 Rege.
640 835 997 902 Imperatoribus
1015 837 1106 884 fiue
1129 836 1317 884 ducibus
1338 837 1649 885 tribuebantur
1668 842 1806 903 legati,
1848 842 1925 904 qui
1943 839 2026 887 fin-

92 909 210 973 gulis
230 920 462 972 praeerant
487 904 756 966 legionibus,
781 906 888 951 vide
907 905 1179 969 Raphaelem
1200 904 1458 951 Fabrettum
1481 906 1532 951 ad
1562 906 1818 953 columnam
1837 909 2026 954 Traiani

88 994 188 1043 pag.
215 990 258 1035 9.
290 971 489 1038 Lipfium
511 972 567 1024 ll.
597 989 667 1021 11.
738 972 1137 1036 Qemadmodum
1156 970 1379 1019 Diffi-arcti
1406 973 1554 1018 aderat
1578 972 1791 1034 Magister
1820 975 2024 1037 equitum

89 1041 309 1092 consulari
328 1039 563 1106 potestate,
598 1038 863 1103 ita'lingulis
894 1039 1149 1102 legionibus
1179 1036 1259 1087 sub
1292 1039 1388 1098 illo,
1417 1056 1555 1103 quem
1587 1040 1703 1098 dixi,
1734 1036 1878 1102 legato
1901 1056 2024 1088 erant

85 1111 256 1160 tribuni
272 1109 468 1156 militum
490 1105 579 1154 fiue
597 1106 867 1170 lingularum
891 1109 1150 1155 cohortium
1169 1104 1402 1172 praefesti,
1438 1124 1544 1171 quas
1564 1108 1612 1153 in
1632 1105 1814 1170 lingulis
1836 1109 2025 1170 legioni-

86 1180 170 1228 bus
191 1177 313 1226 senas
343 1174 471 1224 fuiss'e
500 1172 704 1224 obseruat
727 1174 901 1241 Lipsius
926 1176 984 1224 ll.
1004 1191 1050 1236 9.
1119 1175 1209 1222 Sub
1242 1172 1481 1240 praefeffls
1509 1190 1635 1222 eraut
1663 1178 1904 1229 ducenarii,
1946 1178 2025 1240 qui

88 1248 289 1295 ducentis
311 1246 530 1296 militibus
555 1259 811 1308 praeerant,
842 1244 915 1291 vel
935 1248 1237 1299 centuriones,
1262 1243 1317 1290 de
1341 1242 1505 1306 quibus
1530 1245 1621 1305 agit
1639 1244 1789 1307 Scipio
1811 1240 2024 1290 Maffeius

87 1319 296 1362 Veronae
318 1310 552 1356 illustratae
580 1326 693 1374 part.
724 1327 760 1355 ι.
789 1327 833 1374 p.
859 1326 913 1356 21
929 1326 968 1358 1.
992 1326 1035 1357 et
1058 1327 1255 1373 quorum
1280 1312 1482 1374 primus,
1518 1311 1597 1373 qui
1624 1311 1796 1373 aquilae
1821 1325 2022 1375 praeerat

87 1379 333 1429 vocabatur
358 1377 624 1444 primipilus,
650 1376 757 1423 vide
789 1375 989 1441 Lipfium
1019 1377 1076 1425 ll.
1100 1384 1144 1433 8.
1213 1376 1302 1423 Sub
1325 1376 1665 1423 centurionibus
1685 1393 1810 1424 erant
1837 1383 2021 1444 optiones

87 1447 177 1497 fiue
208 1445 596 1498 subcenturiones,
629 1449 759 1510 vragi
786 1460 829 1491 et
865 1446 1127 1498 decuriones,
1175 1460 1232 1490 ne
1260 1444 1457 1490 dicamus
1494 1444 1549 1491 de
1577 1446 1896 1510 manipulariis,
1942 1448 2022 1509 qui

84 1529 321 1581 praeerant
341 1512 600 1577 manipulo,
637 1511 711 1558 vel
732 1511 786 1558 de
806 1511 1035 1578 praesebiis
1055 1511 1321 1574 Castrorum,
1371 1513 1449 1575 qui
1469 1511 1668 1559 locandis
1696 1510 1844 1559 castris
1866 1529 2021 1560 curam

83 1581 428 1648 impendebant,
463 1580 538 1627 vel
567 1579 622 1626 de
642 1577 921 1643 quaqstoribus
950 1594 993 1627 et
1024 1576 1261 1643 praefestis
1289 1581 1445 1626 aerarii
1463 1578 1637 1626 bellici:
1676 1594 1750 1626 aut
1778 1580 1835 1627 de
1856 1581 2021 1647 praese-

83 1650 164 1699 ilis
184 1649 590 1714 Dendrophororum
618 1663 660 1694 et
674 1646 933 1712 fabrorum,
973 1648 1050 1710 qui
1081 1662 1231 1693 curam
1258 1645 1482 1694 habebant
1510 1647 1841 1694 caedendorum
1876 1648 2023 1710 ligno-

84 1735 187 1766 rum
209 1718 262 1779 ad
289 1717 416 1782 palos
439 1713 691 1768 faciendos,
730 1712 1224 1778 ferramentorumque:
1260 1729 1357 1761 tum
1388 1714 1445 1761 de
1471 1714 1749 1768 tubicinibus,
1786 1720 2020 1762 euocatori-

13 1801 18 1804 ’
84 1785 180 1846 bus,
213 1788 404 1839 medicis,
443 1781 741 1843 beneficiariis,
780 1783 1098 1835 corniculariis,
1135 1779 1387 1843 teffi’rariis,
1422 1781 1696 1829 circitoribus
1717 1779 1899 1846 aliisque
1920 1799 2020 1844 gre-

85 1855 220 1916 gariis
241 1850 480 1917 peditibus.
547 1846 720 1897 Confer
749 1850 929 1896 Suidam
957 1851 1003 1895 in
1028 1849 1266 1906 ἔκτακτοι,
1303 1851 1490 1896 Lazium
1520 1849 1598 1898 lib.
1624 1865 1669 1912 4.
1700 1849 1898 1914 devRep.
1930 1854 2017 1897 Ro-

84 1937 213 1975 mana
242 1917 571 1966 et‘Fabrettum
603 1917 657 1964 ad
686 1916 943 1964 columnam
963 1918 1219 1965 Traianam.
1287 1918 1480 1964 Exarchi
1509 1916 1771 1965 dicebantur
1801 1916 2018 1982 praefesti

80 1983 159 2035 ‘seu
202 1985 409 2034 dustore's
446 1986 629 2033 alicuius
674 1987 865 2048 agminis
909 1985 1130 2037 militum,
1180 1986 1241 2030 in·
1267 1985 1506 2049 prouincia
1539 1986 1685 2049 aliqua
1723 1983 2016 2033 delebioruui.

86 2059 212 2120 Qae
241 2069 352 2101 vero
379 2051 458 2100 sub
477 2054 683 2100 Exarcho
717 2069 807 2102 erat
835 2051 1104 2106 multitudo,
1155 2067 1199 2099 et
1232 2053 1371 2098 modo
1402 2054 1547 2099 maior
1575 2053 1717 2099 modo
1748 2055 1902 2100 minor
1931 2050 2015 2100 effe

81 2136 282 2188 poterat,
328 2137 542 2167 numerus
567 2120 833 2169 vocabatur.
898 2120 1019 2168 Vide
1049 2123 1281 2167 Marmora
1319 2119 1611 2168 Taurinensia
1644 2124 1691 2169 P.
1727 2136 1770 2167 2.
1813 2137 1913 2185 pag.
1939 2136 2013 2181 53.

83 2190 221 2255 Qod
241 2189 295 2235 ad
325 2193 453 2234 aciem
482 2189 638 2234 attinet
668 2188 966 2252 ordinemque
993 2189 1184 2249 agminis
1205 2203 1248 2235 et
1273 2188 1503 2249 castrorum
1524 2201 1701 2251 praeter
1719 2204 1790 2240 ea,
1830 2204 1940 2250 quae
1958 2187 2013 2234 ad

81 2257 262 2323 Polybii
281 2255 446 2302 librum
473 2261 514 2305 6.
540 2269 751 2302 notarunt
773 2258 984 2302 Patricius
1014 2272 1060 2300 ac
1080 2254 1276 2318 Lipsius,
1312 2254 1535 2300 videndus
1559 2255 1787 2301 Henricus
1810 2253 2011 2310 Sauilius,

85 2327 202 2373 libro
224 2325 278 2371 de
300 2324 459 2370 militia
479 2325 701 2376 Romana,
737 2325 815 2387 qui
843 2341 897 2371 ex
921 2322 1112 2383 Anglico
1142 2319 1295 2367 versus
1318 2320 1452 2367 latine
1482 2322 1655 2385 prodiit
1679 2319 2011 2383 Heidelbergae

83 2394 202 2460 apud
237 2391 506 2440 Commelin.
535 2395 587 2436 A.
618 2394 754 2437 1601.
783 2397 826 2446 8.
866 2390 1106 2455 praecipue
1137 2387 1366 2434 Ratbodus
1399 2391 1688 2434 Hermannus
1727 2388 1927 2435 Schelius
1955 2387 2010 2435 ad

81 2463 324 2528 Hyginum
353 2459 667 2507 Gromaticum
697 2456 836 2509 Amst.
872 2464 1008 2508 1660.
1030 2472 1075 2517 4.
1104 2471 1148 2503 et
1176 2470 1305 2502 tomo
1342 2471 1412 2504 10.
1442 2453 1634 2503 thesauri
1664 2456 1925 2510 Graeuiani,
1962 2457 2010 2503 in

85 2545 175 2595 quo
199 2544 375 2594 praeter
393 2527 630 2573 Patricium
654 2525 850 2571 occurrit
868 2526 999 2571 etiam
1019 2525 1139 2571 Petri
1158 2525 1288 2570 Rami
1309 2521 1425 2569 liber
1444 2523 1498 2570 de
1521 2523 1680 2570 militia
1700 2522 1804 2569 Iulii
1817 2521 2027 2576 Caesaris,

86 2613 139 2644 ex
161 2597 265 2645 edit.
279 2591 494 2643 francof.
520 2601 657 2654 1584.
681 2599 724 2647 8.
793 2591 1212 2657 GuilielmiSpiceri
1238 2591 1353 2638 liber
1380 2591 1552 2653 anglice
1583 2590 1750 2654 editus:
1801 2590 1886 2638 The
1908 2592 2009 2657 plan

86 2664 135 2726 of
145 2680 171 2708 a
189 2666 350 2721 Roman
376 2677 492 2729 camp
504 2661 660 2728 prov'd
686 2672 760 2706 out
782 2661 832 2724 of
848 2658 1052 2723 Polybius.
1065 2659 1266 2706 Londini
1288 2673 1422 2720 1727.
1446 2674 1490 2706 et
1509 2656 1700 2706 Salmasii
1724 2657 1840 2705 liber
1859 2657 2008 2722 postu-

83 2745 183 2777 mus
211 2730 265 2778 de
288 2731 446 2780 militia
474 2732 806 2782 Romanorum,
845 2744 899 2775 ex
927 2727 1126 2842 edgigne
1155 2725 1300 2789 Lugd.
1326 2729 1477 2777 Batav.
1506 2728 1648 2789 1657.
1673 2741 1728 2786 4..
1772 2727 1884 2772 'Hic
1907 2726 2007 2840 {lu-

1107 2810 1134 2842 2
1879 2810 1920 2839 ri
1953 2808 2004 2840 us
