2263 3027
205 136 305 196 780
519 123 666 176 CAP.
704 121 839 174 XVI.
915 118 1326 181 NVNDINAE,
1362 118 1790 177 AVCTIONES‚

196 267 299 301 ante
329 250 576 303 laudatum,
612 252 736 296 Ioan.
760 247 922 295 Adami
944 247 1113 312 Koppii
1133 243 1361 311 specimen
1385 247 1494 293 iuris
1518 246 1779 307 Germanici
1800 243 2138 310 :priuatisdete-

196 319 423 367 stanientis
448 322 786 365 Germanorum
812 314 1092 362 iudicialibus
1115 330 1157 361 et
1177 312 1255 362 sub
1279 316 1354 362 dio
1380 314 1586 367 conditis,
1613 311 1820 361 Francos-⁸.
1842 312 1899 361 ad
1915 315 2139 363 Moenum

203 394 345 447 1736.
367 402 413 443 4.
485 389 554 433 De
579 385 980 447 Anglo-Saxonum
1009 380 1278 430 testamentis
1299 384 1406 430 vide
1436 386 1492 430 G.
1515 381 1716 429 Hickesii
1747 378 1908 428 dissert.
1940 378 2142 444 epistola·

196 472 299 502 rum
323 471 421 520 pag.
448 461 522 512 56.
600 456 670 499 De
689 451 863 499 ludicro
885 444 1146 498 testamento
1168 453 1370 505 Grunnii
1393 450 1585 500 Porcelli
1620 464 1795 514 praeter
1822 446 2060 512 scriptores
2093 449 2143 495 in

193 523 474 577 Bibliotheca
494 522 627 568 latina
651 523 730 568 IV.
762 536 803 579 5.
823 538 846 568 a
868 536 941 566 me
960 519 1158 567 laudatos
1178 520 1286 566 vide
1310 523 1454 569 Henr.
1477 516 1701 567 Valefium
1727 519 1774 565 in
1805 517 1929 564 notis
1957 515 2013 562 ad
2037 521 2143 563 Ama

196 593 402 638 mianum
430 589 746 636 Marcellinum
774 605 817 653 p.
845 604 867 649 3
878 592 950 650 54.
1026 587 1213 647 Legitur
1245 587 1355 634 illud
1383 588 1518 638 etiam
1557 589 1605 634 in
1627 585 1917 636 Taubmanni
1938 585 2058 631 notis
2087 583 2144 634 ad

197 659 401 706 Culicem
423 658 607 719 Virgilii
639 674 738 721 pag.
772 663 875 713 146.
906 671 950 703 et
972 655 1020 701 in
1057 654 1172 701 calce
1191 655 1454 717 adagiorum
1474 652 1645 702 Erasmi
1670 655 1954 717 aliorumque
1985 655 2146 699 Hano-

196 729 296 774 uiae
318 723 504 771 iunffim
534 726 694 771 editor.
730 739 773 771 et
802 723 920 786 apud
939 719 1228 770 Vauafforem
1251 724 1368 771 libro
1398 724 1453 770 de
1487 721 1686 770 distione
1712 723 1881 769 ludicra
1902 738 2003 784 pag.
2028 735 2143 781 219.
2191 744 2199 749 «

196 807 240 842 et
257 796 304 841 in
326 794 700 841 W.E.Tentzelii
721 792 909 854 dialogis
930 791 1179 837 vernaculis
1203 797 1252 838 A.
1277 796 1470 854 1696.p.
1495 806 1651 846 ¹91.et
1671 793 1787 854 apud
1810 786 2063 837 Gesnerum
2087 790 2144 836 de

196 862 561 933 quadrupedibus
581 878 625 926 p.
656 877 797 921 1032.
837 889 842 916 -1
866 856 1153 923 Descriptum
1175 861 1327 923 primo
1353 858 1413 906 est
1436 862 1698 922 Moguntiae
1720 877 1742 906 a
1766 864 1934 906 Ioanne
1950 857 2147 904 ‘Alexan-

195 932 286 977 dm
306 927 571 984 BrassicanO,
608 943 652 975 et
684 946 705 974 a
735 932 906 990 Georg.
930 926 1134 973 Fabricio
1163 926 1312 990 postea
1336 926 1592 974 corre-{tum
1623 928 1733 974 locis
1763 928 1935 991 aliquot
1959 929 2013 972 ex
2034 927 2146 973 anti-

196 995 402 1062 quiffimo
435 995 681 1059 exemplari
712 997 898 1042 inuento
920 994 1233 1043 Memmelebii
1266 997 1313 1041 in
1332 995 1589 1056 Thuringia
1619 995 1673 1040 ad
1696 995 1925 1042 Vnstrum..
1995 992 2144 1055 Exstat

195 1081 238 1113 et
259 1065 500 1111 ridiculum
523 1060 742 1110 eiusmodi
761 1061 1077 1110 testamentum
1102 1059 1242 1115 Asini,
1280 1062 1405 1126 quod
1427 1078 1482 1110 ex
1504 1063 1648 1127 veteri
1665 1065 1763 1113 MS.
1789 1062 1990 1123 vulgauit
2013 1066 2144 1111 Lam-

192 1133 344 1181 becius
365 1149 491 1179 tomo
527 1147 565 1191 3.
597 1146 839 1177 comment.
872 1136 1110 1194 pag..984.

341 1204 409 1247 De
431 1198 691 1246 testamento
716 1215 768 1244 ex
794 1193 899 1250 asse,
940 1213 994 1242 ex
1024 1190 1219 1248 semisse,
1256 1210 1311 1242 ex
1340 1194 1583 1250 dodrante5
1619 1196 1768 1260 prima
1801 1212 1899 1245 cera
1927 1212 2007 1244 etc.
2036 1197 2145 1246 vide

196 1268 506 1323 Alexandrum
528 1266 580 1312 ab
604 1265 862 1317 Alexandro
884 1263 1002 1312 libro
1023 1279 1067 1313 et
1084 1265 1228 1329 capite
1256 1265 1431 1328 primo,
1473 1279 1516 1310 et
1537 1264 1600 1311 ibi
1617 1265 1946 1328 Tiraquellum.
2015 1270 2146 1315 Tum

197 1339 467 1402 interpretes
495 1335 555 1381 ad-
573 1334 778 1381 Suetonii
803 1328 1031 1393 Caesarem
1061 1348 1154 1395 cap.
1182 1339 1258 1393 83.
1330 1335 1400 1378 De
1435 1330 1803 1379 testamentorum
1826 1333 2005 1380 licentia
2023 1335 2147 1382 inhi-

196 1403 310 1458 bita,
356 1418 482 1450 notas
505 1401 784 1449 Bourdelotii
807 1401 859 1448 ad
883 1402 1066 1448 Luci-an.
1087 1415 1199 1446 tom.
1230 1415 1268 1448 1.
1291 1417 1391 1464 pag.
1416 1416 1490 1460 37.
1559 1398 1867 1447 casaubonum
1890 1401 1944 1448 ad
1961 1404 2146 1450 Sueton.

198 1470 384 1534 August.
404 1487 496 1534 cap.
532 1488 605 1528 50.
674 1472 743 1515 De
764 1468 1013 1515 testamenti
1032 1465 1360 1530 subsignatione
1389 1484 1498 1514 vero
1523 1467 1777 1517 Salmasium
1798 1471 1845 1516 in
1867 1471 2148 1519 animaduer-

198 1539 396 1600 sionibus
415 1539 469 1585 ad
492 1537 740 1584 Heraldum
759 1574 772 1592 ‚
812 1534 1011 1584 Voffium
1035 1534 1112 1582 lib.
1135 1550 1180 1595 4.
1200 1536 1255 1584 de
1277 1535 1529 1585 idololatria
1553 1553 1644 1601 cap.
1669 1553 1745 1595 91.
1769 1553 1813 1583 et
1835 1541 2006 1600 Georg.
2030 1540 2146 1587 Lud.

201 1609 444 1655 Boehmeri
465 1603 813 1652 dissertationem
827 1639 838 1660 ‚
869 1607 992 1651 cuius
1012 1603 1171 1650 index:
1215 1603 1463 1651 testamenti
1479 1604 1644 1667 -signati
1667 1620 1709 1650 et
1730 1603 1964 1673 subscripti
1985 1624 2007 1654 a
2027 1607 2143 1656 testi-

203 1674 285 1722 bus
306 1678 354 1722 in
386 1674 626 1722 inuolucro
648 1675 718 1722 vis
749 1689 792 1722 et
825 1671 1061 1721 aussoritas
1081 1672 1331 1736 vindicata,
1368 1675 1640 1736 Goettingae
1667 1680 1806 1738 1746.

345 1809 444 1855 VII.
467 1813 536 1857 De
559 1809 773 1857 nundinis
794 1814 841 1862 9,
879 1823 1078 1855 mercatu
1099 1822 1140 1854 et
1165 1806 1364 1869 cognatis
1384 1805 1658 1867 argumentis
1692 1803 1921 1851 adeundus
1945 1807 2142 1866 Gregor.

202 1873 490 1924 Tholosanus
523 1879 569 1923 in
591 1875 869 1940 syntagmate
898 1878 1007 1923 iuris
1033 1874 1111 1922 lib.
1135 1888 1212 1931 25.
1241 1890 1332 1936 cap.
1362 1888 1399 1934 3.
1423 1875 1546 1939 cuius
1578 1870 1765 1919 diatriba
1786 1873 1889 1918 inde
1912 1870 2060 1919 recusa
2080 1873 2142 1920 est

200 1960 327 1990 tomo
353 1952 394 1998 8.
426 1947 589 1990 Graev.
611 1962 708 2008 pag.
740 1950 850 2002 697.
919 1947 970 1990 In
1003 1942 1164 1989 eodem
1197 1957 1324 1986 tomo
1354 1957 1451 2003 pag.
1476 1950 1582 2001 641.
1616 1938 1750 1986 exstat
1784 1956 1966 2003 quoque
1985 1943 2142 2004 Erycii

196 2013 380 2058 Pure-ani
405 2012 458 2056 de
484 2011 697 2057 nundinis
718 2011 932 2056 Romanis
953 2008 1092 2062 liber,
1135 2024 1257 2054 ‘noua
1286 2007 1520 2054 Fastorum
1553 2007 1691 2053 veluti
1718 2005 1872 2054 facula.
1942 2012 2144 2056 Puteanov
2214 2023 2223 2032 “

196 2079 330 2125 addes
357 2079 569 2125 Allatium
591 2080 734 2142 capite
753 2075 912 2124 ostano
936 2076 1042 2122 libri
1070 2076 1124 2123 de
1145 2073 1349 2123 mensura
1374 2091 1648 2139 temporum.
1718 2078 1862 2122 Nono
1886 2078 2046 2139 quouis
2068 2077 2152 2124 die·
2216 2121 2223 2137 (

181 2144 373 2213 ἀγοράν
396 2146 620 2193 celebrare
635 2144 789 2192 solitos
801 2147 1042 2197 Romanos
1066 2142 1183 2190 testis
1196 2146 1327 2189 etiam
1343 2145 1601 2190 Plutarchus
1622 2145 1667 2190 in
1684 2145 1928 2190 Coriolano
1943 2141 2141 2195 fol.222.
2199 2131 2222 2206 ³ss

195 2219 360 2278 Neque
402 2230 550 2260 tamen
589 2214 695 2260 inde
735 2212 1042 2274 colligendum
1083 2210 1156 2266 est,
1188 2228 1333 2258 ternas
1356 2212 1590 2264 nundinas,
1625 2226 1674 2257 vt
1699 2209 2027 2275 quidamdosti
2048 2214 2150 2259 virix
2183 2210 2222 2267 J,

195 2281 526 2337 existimarunt,
574 2277 810 2328 confecisse
840 2279 1012 2345 ,septem
1046 2296 1088 2326 et
1124 2281 1288 2341 viginti
1333 2281 1437 2326 dies.
1503 2279 1742 2340 Eleganter
1780 2284 1901 2326 enim
1934 2276 2138 2326 obseruat

197 2350 528 2397 Celeberrimus
551 2349 725 2397 Ernesti
748 2350 792 2394 in
815 2349 928 2397 claui
949 2349 1239 2395 Ciceroniana
1268 2364 1378 2394 voce
1408 2350 1722 2395 Trinnndinum
1750 2346 2138 2396 numerandorum

200 2419 375 2464 dierum
400 2420 580 2466 initium
609 2417 707 2464 fieri
737 2435 759 2463 a
782 2418 995 2463 nundinis
1017 2418 1180 2480 primis
1196 2431 1238 2462 et
1259 2415 1454 2463 definere
1478 2419 1524 2463 in
1549 2418 1713 2463 tertiis:
1751 2416 1969 2463 nundinas
1989 2430 2149 2463 autem.

199 2483 409 2532 secundas
434 2503 559 2532 more
585 2486 720 2540 latino
746 2484 815 2532 bis
836 2486 1082 2537 numerari,
1106 2499 1154 2529 vt
1173 2484 1292 2530 idem
1326 2485 1418 2531 dies
1443 2483 1491 2531 sit
1513 2501 1659 2531 nonus
1681 2502 1704 2530 a
1723 2480 1890 2549 primis
1909 2484 2152 2543 nundinis,⁴
2178 2496 2181 2497 ’
2215 2542 2218 2546 ,
2252 2493 2256 2500 ‘

201 2567 242 2597 et
274 2555 447 2614 primus
472 2556 517 2600 in
542 2554 674 2601 altera
704 2555 902 2601 enneade
934 2554 1123 2602 dierum.
1194 2555 1259 2598 Ex
1285 2569 1375 2616 quo
1395 2550 1512 2599 effici
1542 2552 1729 2616 quidem
1753 2554 1835 2598 Vir
1855 2549 2148 2599 Acutiffimus‹
2253 2550 2255 2557 '

202 2617 406 2672 ostendit,
436 2621 753 2669 trinundinum
776 2618 864 2668 siue
887 2625 975 2668 tres
997 2621 1219 2668 nundinas
1243 2638 1345 2667 cum
1367 2620 1530 2668 diebus
1546 2618 1789 2668 interiestis
1808 2617 2027 2666 summam
2047 2618 2151 2666 sam,

2040 2701 2147 2735 tum.

228 2826 237 2834 .
267 2776 287 2800 9
313 2774 354 2810 In
369 2772 563 2824 Olympiis
583 2775 754 2814 vniuersa
770 2777 927 2818 Graecia
946 2776 1146 2819 sollemnes
1171 2776 1364 2826 nundinas
1387 2775 1620 2823 celebrabat,
1642 2775 1744 2817 vnde
1773 2786 1983 2819 mercatum
2003 2776 2139 2831 Olym-

202 2839 346 2879 piacum
369 2839 475 2868 vocat
494 2827 658 2869 Iustinus
684 2831 747 2868 111.
774 2842 810 2883 ς.
1865 2832 1871 2835 χ
2076 2841 2089 2862 ²⁴
