2263 3027
186 82 312 119 1020
463 60 810 115 cmxxiii.
880 59 969 110 DE
1004 58 1277 111 FVNERE
1312 60 1408 112 ET
1444 61 1866 116 SEPVLTVRA.

315 194 458 243 remis,
491 187 606 235 lestis
617 183 850 251 feralibus,
883 184 1024 232 loculis
1048 197 1090 231 et
1118 184 1424 233 laudationibus
1443 184 1710 252 funebribus.
1735 201 1781 246 9.
1858 191 1932 236 De·
1943 191 2124 240 lucernis

297 254 598 327 ftpulcralibus
619 287 631 310 ,
666 253 873 322 sepulcris
891 286 904 310 ‚
959 259 1120 321 ctfyptis
1138 286 1151 309 ,
1202 253 1458 302 catacumbis
1495 267 1538 302 et
1574 260 1851 304 monumentis
1883 258 2126 327 fipulcrau.

306 326 394 376 bus.
427 338 503 374 10.

179 477 302 589 De
330 473 565 523 funeribus
598 486 642 520 et
669 471 808 520 modo
839 469 1085 537 sepeliendi
1118 477 1135 502 ¹
1162 474 1281 538 apud
1312 473 1519 538 antiquos
1554 471 1785 527 vniuerse‚
1826 488 1958 537 atque
1992 476 2049 521 ita
2079 487 2128 521 vt

312 545 514 610 plurium
538 542 742 603 gentium
766 542 988 588 rationem
1011 540 1250 595 haberent,
1287 559 1380 588 non
1409 539 1508 589 satis
1536 541 1742 590 ‘distinc‘ie
1771 557 1920 588 tamen
1955 559 2037 589 nec
2065 559 2130 588 ac-

180 630 327 662 curate
354 609 452 658 satis
484 623 673 672 egerunt
701 610 843 657 Claud.
869 609 1134 656 Guichardus
1156 609 1211 656 de
1241 607 1616 674 funeribusapud
1639 614 1895 664 RomanOS,
1931 612 2132 658 Graecos

180 697 222 730 et
243 683 346 728 alias
367 693 521 741 gentes
546 692 716 723 veteres
739 692 782 724 et
804 678 1089 728 recentiores,
1115 678 1262 725 italice
1280 681 1482 744 primum
1499 684 1632 724 Anno
1654 686 1741 735 158
1755 693 1789 725 1.
1813 677 1975 724 deinde
1997 680 2130 724 etiam

179 751 351 798 Gallice
383 747 510 811 (vide
534 742 750 810 Epistulas
772 748 948 808 Marqu.
970 745 1111 792 Gudii
1133 763 1176 811 p.
1202 750 1337 806 202.)
1358 749 1562 792 Muretus
1581 743 1772 811 scriptor
1793 746 1947 794 Gallus
1974 747 2021 791 in
2041 759 2132 792 cae-

180 818 389 864 rimoniis
422 812 692 861 funebribus
712 814 920 859 omnium
943 815 1161 875 gentium,
1198 816 1476 861 ceremonies
1497 810 1710 862 funebres
1733 815 1786 860 de
1810 829 1955 860 toutes
1977 813 2038 860 les
2060 830 2134 860 na·

2243 228 2263 286 l·

181 884 301 932 tions
322 901 400 949 par
423 884 464 929 le
489 885 554 929 Sr.
579 884 748 927 Muret.
770 878 899 927 Paris.
928 889 1068 942 1675.
1095 894 1167 930 12.
1199 883 1277 945 qui
1306 881 1420 928 liber
1453 880 1706 929 recensetur
1735 884 1784 928 in
1819 881 2132 946 Ephemeridi-
2216 880 2233 911 ’-

181 954 263 1000 bus
284 951 566 1001 eruditorum
589 946 893 994 Parifienfibus
924 950 1060 1009 1675.
1084 965 1183 1013 pag.
1211 966 1321 995 222.
1355 965 1397 995 et
1417 950 1465 995 in
1486 947 1608 996 Affis
1628 949 1802 997 Erudit.
1824 955 1960 996 Anno
1996 952 2082 1004 168
2093 963 2134 1009 3.

179 1037 279 1087 pag.
306 1035 412 1080 334.
444 1020 594 1064 Franc.
616 1019 852 1063 Perrucius
872 1017 917 1061 in
942 1018 1125 1079 pompis
1148 1014 1416 1062 funebribus
1435 1019 1643 1063 omnium
1665 1019 1892 1079 gentium,
1924 1020 2134 1064 Veronae

187 1096 329 1149 1639.
358 1084 435 1132 fol.
459 1101 562 1131 curn
580 1082 737 1144 figuris
767 1084 814 1129 in
844 1100 913 1129 aes
944 1081 1102 1130 incifis.
1173 1086 1431 1131 Laurentius
1456 1086 1677 1149 querlitg
1705 1086 1753 1131 in
1784 1086 1986 1131 Theatro
2016 1086 2134 1131 vitae

182 1159 427 1206 humanae,
448 1154 512 1198 tit.
538 1154 732 1197 Cadauer
752 1165 795 1197 et
814 1153 864 1198 Se
892 1151 1050 1199 ultura.
1090 1151 1220 1197 Lilius
1240 1153 1455 1213 Gyraldus
1485 1154 1559 1198 vir
1586 1150 1859 1199 dofflffimus
1889 1154 1937 1198 in
1971 1151 2046 1198 lib.
2078 1151 2135 1199 de

182 1221 433 1289 sepulturae
455 1218 637 1274 ritibus,
678 1219 757 1281 qui
777 1233 820 1264 et
864 1217 1021 1264 corfini
1050 1217 1223 1282 prodiit
1260 1235 1303 1266 et
1329 1217 1588 1285 praemiffus
1620 1218 1681 1267 est
1708 1218 1853 1271 sextae
1877 1221 1993 1284 parti
2025 1221 2135 1267 anti-

181 1293 404 1356 quitatum
434 1290 547 1334 Ioan.
578 1288 657 1334 Iac.
691 1282 899 1348 Boiſjardi
918 1320 929 1340 ‚
970 1302 1012 1333 et
1047 1303 1149 1333 cum
1182 1290 1301 1334 notis
1332 1292 1444 1334 Ioan.
1466 1291 1562 1334 Fae's
1595 1290 1676 1340 τοῦ
1708 1291 1964 1355 μακαρίτου
1992 1288 2136 1334 editus

182 1356 375 1406 Helmst.
399 1357 446 1402 in
470 1370 551 1417 4t0
572 1370 614 1401 et
635 1354 830 1417 denique
851 1355 967 1400 inter
991 1352 1185 1418 Gyraldi
1207 1373 1344 1420 opera
1365 1358 1410 1402 in
1425 1356 1576 1418 Belgio
1599 1357 1740 1403 nitide
1762 1357 1937 1418 vulgata
1961 1350 2138 1402 recusus

182 1497 314 1543 initio
337 1491 570 1558 separatim
585 1524 595 1544 ,
633 1490 797 1537 deinde
821 1491 874 1537 ad
895 1491 1058 1538 calcem
1083 1492 1175 1539 eius
1199 1494 1531 1556 Antiquitatum
1552 1491 1946 1540 Ecclefiasticarum
1961 1528 1974 1547 ,
2014 1491 2139 1538 deni-

185 1580 270 1627 que
289 1578 386 1608 tom
410 1563 485 1607 XI.
508 1555 696 1606 thesaur.
721 1560 941 1623 Antiquit.
963 1563 1170 1612 Graecar.
1196 1562 1425 1608 Gronouii
1445 1557 1636 1609 recusus,
1711 1560 1872 1626 Caspar
1891 1560 2067 1607 Caluoer
2090 1559 2137 1604 li-

184 1632 269 1678 bro
297 1646 335 1689 3.
358 1629 528 1675 ritualis
557 1624 841 1673 Ecclefiastici
861 1642 988 1674 tomo
1021 1645 1058 1677 ι.
1079 1639 1247 1692 9798.
1270 1627 1329 1695 sq.
1366 1630 1603 1675 Alexander
1622 1627 1674 1675 ab
1696 1630 1938 1676 Alexandro
1961 1627 2036 1674 lib.
2053 1627 2134 1674 111.

186 1698 361 1747 Geni-al.
381 1699 571 1743 Dierum
593 1712 687 1760 cap.
712 1711 750 1743 2.
771 1711 815 1742 et
840 1713 882 1753 7.
906 1711 948 1741 et
966 1695 1129 1743 lib.Vl.
1154 1715 1246 1762 cap.
1266 1712 1332 1755 14.
1357 1696 1510 1762 ibique
1528 1698 1823 1761 Tiraquellus:
1861 1695 2014 1762 Iosbphi
2029 1696 2157 1740 lau-ff

183 1771 320 1813 rentii
340 1762 608 1812 collefihmea
634 1762 931 1828 Alphabetico
956 1764 1115 1810 ordine
1136 1763 1299 1827 digesta
1320 1765 1397 1815 lib.
1422 1769 1467 1815 6.
1493 1765 1802 1829 Polymathiae
1818 1769 2039 1828 pag-486·
2072 1758 2134 1823 sq.

187 1850 229 1880 et
249 1851 360 1896 quae
382 1850 435 1878 ex
458 1832 611 1878 eadem
634 1833 866 1878 Laurentii
891 1833 1172 1896 Polymathia
1198 1837 1271 1880 [ΙΙ.
1298 1850 1342 1892 9.
1366 1849 1526 1894 1314.
1555 1837 1610 1880 11.
1631 1849 1710 1894 47.
1737 1848 1776 1891 3.
1802 1846 1849 1877 et
1867 1846 1912 1891 4.
1933 1829 1987 1874 de
2009 1826 2135 1874 fune·

188 1900 311 1948 ribus
334 1902 623 1962 antiquorum
646 1914 688 1945 et
707 1896 974 1946 funebribus
994 1900 1153 1948 ritibus
1175 1917 1275 1947 ante
1294 1917 1336 1948 et
1358 1900 1456 1965 post
1475 1917 1639 1961 rogum
1658 1896 1928 1945 exhibentur
1947 1896 2136 1941 tomXI.
2210 1931 2217 1936 .

188 1965 324 2015 Thes.
365 1967 677 2020 Gronouiani,
706 1968 755 2010 in
790 1983 880 2028 quo
910 1968 1043 2013 etiarn
1071 1966 1248 2014 recusus
1279 1968 1474 2014 occurrit
1501 1970 1612 2012 Ioan.
1640 1966 1822 2026 Meursti
1844 1963 1958 2010 liber
1983 1964 2038 2010 de
2060 1960 2133 2010 fu·
2204 1973 2211 1976 ‘

190 2053 321 2097 nere,
359 2032 745 2096 quemadmodum
774 2036 899 2078 Petri
927 2033 1170 2094 Morestclli‚
1202 2031 1513 2079 Tornufienfis
1542 2037 1711 2095 Pompa
1739 2029 1888 2078 feralis
1908 2029 1997 2078 fiue
2028 2029 2135 2079 iusta

190 2102 397 2150 funebria
421 2098 547 2146 libris
570 2100 722 2146 decem
746 2097 942 2164 exposita
965 2098 1187 2148 habentur
1214 2116 1341 2146 tomo
1372 2103 1468 2148 XII.
1490 2096 1626 2147 Thes.
1650 2100 1906 2148 Graeuiani.
1962 2100 2136 2146 Benedi-

191 2171 281 2218 &us
303 2173 537 2217 Aueranius
567 2164 868 2214 differtatione
897 2169 1036 2215 xxtl.
1062 2165 1155 2231 sqq.
1177 2169 1223 2215 in
1242 2168 1580 2231 Thucydidem.
1634 2168 1809 2215 Paullus
1830 2166 2062 2232 Aringhius
2087 2167 2136 2214 in

191 2241 361 2288 Romae
381 2234 662 2285 subterranea
682 2236 923 2301 praecipue
942 2252 977 2283 c.
994 2250 1065 2298 17.
1085 2251 1129 2284 et
1149 2249 1226 2287 21.
1274 2238 1436 2284 Claudii
1463 2236 1695 2283 Gula-hardi
1714 2233 2139 2349 Funeraillesvegrgg
2258 2251 2260 2300 ᾗ

251 2399 263 2419 ¹
295 2393 466 2448 Sepelire
485 2407 566 2435 non
589 2394 636 2434 de
659 2393 828 2435 humatis
849 2405 1020 2441 tantum,
1050 2394 1112 2436 std
1136 2394 1248 2436 etiarn
1275 2394 1482 2434 combustis
1507 2394 1639 2434 etalio
1661 2392 1779 2433 modo
1800 2406 1848 2433 ex
1868 2392 1989 2432 oculis
2006 2389 2133 2429 homi·
2192 2383 2219 2423 s?

192 2463 288 2490 num
310 2452 466 2489 remotis
488 2450 738 2490 cadaueribus
762 2450 908 2490 dietum
928 2450 1000 2491 effe
1031 2450 1169 2504 probat
1192 2449 1391 2490 Gisbertus
1414 2451 1592 2503 Cuperus
1622 2449 1687 2488 lib.
1717 2462 1751 2491 1.
1775 2447 1974 2489 obferunt.
1999 2458 2077 2499 cap.
2096 2454 2133 2498 7.

196 2506 253 2544 De
274 2507 412 2556 pietate
433 2506 679 2545 ethnicorum
700 2506 743 2545 in
765 2505 947 2546 curandis
968 2505 1193 2551 funeribus,
1224 2505 1430 2557 aliquando
1454 2507 1568 2545 etiam
1586 2504 1757 2544 hostium
1784 2505 1917 2544 Petrus
1938 2500 2134 2539 Faberse-

195 2559 392 2600 mesti-ium
416 2561 533 2602 lib.2.
557 2573 636 2601 c.1.
660 2575 695 2614 p.
711 2573 774 2605 10·
796 2560 874 2614 sqq.
898 2572 936 2601 et
954 2562 1019 2601 lib.
1035 2574 1073 2614 3.
1092 2575 1126 2603 c.
1145 2573 1208 2615 13.
1230 2574 1266 2614 p.
1295 2573 1384 2615 174.
1409 2558 1488 2613 sqq.
1540 2560 1785 2613 Sepulturam
1805 2557 1935 2597 deberi
1956 2555 2134 2594 humani·
2168 2539 2186 2568 '¹

196 2616 262 2654 tati
287 2627 412 2667 neque
443 2615 537 2655 adeo
562 2615 833 2669 denegandam
871 2616 943 2657 esse
968 2616 1139 2657 hostibus
1160 2616 1320 2670 pulchre
1341 2615 1454 2656 docet
1473 2618 1631 2656 Grotius
1657 2617 1702 2657 Π.
1727 2625 1789 2667 19.
1815 2612 1862 2651 de
1881 2613 1963 2650 iure
1987 2610 2078 2649 belli
2099 2619 2136 2648 et
2158 2613 2160 2616 ⁴
2209 2609 2218 2618 ⁸
2242 2631 2245 2673 ξ

195 2671 308 2722 pacis.
369 2671 541 2709 Naturae
565 2673 710 2724 quippe
729 2672 899 2711 maxime
921 2671 1221 2713 consentaneum
1243 2672 1314 2718 est,
1353 2673 1394 2710 in
1422 2669 1559 2711 terram
1584 2668 1834 2710 redeuntibus
1858 2678 1995 2705 terram
2023 2664 2133 2704 mini-

182 1426 330 1488 Lugd.
352 1429 440 1472 Bat.
478 1430 616 1483 1699.
645 1419 725 1468 fol.
748 1426 792 1469 B.
824 1424 934 1469 Ioau.
958 1425 1092 1470 Andr.
1122 1425 1366 1488 Qenstadii
1393 1424 1530 1471 Liber
1559 1425 1614 1480 de
1648 1425 1884 1489 Sepultura
1915 1439 2138 1476 veterum,
2191 1388 2263 1466 Ξ,

2206 1467 2253 1529 a

197 2738 258 2763 me
285 2725 429 2777 negari.
487 2725 782 2769 Confer-Felicis
802 2725 883 2768 Osii
903 2738 1013 2770 notas
1034 2726 1081 2769 ad
1092 2727 1342 2771 Albertinum
1355 2725 1568 2772 Mussatum
1587 2735 1737 2779 p--44L
1750 2721 1829 2779 sqq·
1850 2722 2134 2775 T=¹X*P³²'te²‘
2199 2777 2202 2783 ,
2239 2721 2242 2780 l

197 2778 362 2821 thesauri
384 2779 522 2821 ltaliae.
