2263 3027
216 100 311 149 822
626 91 774 143 CAP.
812 91 969 142 XV11.
1037 87 1314 141 MILITIA
1349 87 1724 141 PEDESTRIS.

206 216 319 262 tiam
340 217 461 261 Ioan.
490 217 598 276 Aug.
622 213 797 262 Ernesti
819 211 1004 262 excursu
1033 216 1185 279 primo
1217 214 1272 262 ad
1292 216 1501 261 Tacitum
1526 214 1582 262 de
1603 214 1871 269 vexillariis,
1917 218 1995 281 qui
2014 216 2149 268 inser-

206 299 276 330 tus
311 280 371 328 est
405 297 533 329 tomo
564 299 599 330 ι.
628 299 922 330 commentar.
952 280 1168 330 societatis
1197 280 1413 330 scientiar.
1437 282 1771 345 Goettingensis
1805 301 1901 346 pag.
1935 301 2018 344 ²9¹>
2052 284 2146 350 sqq.

206 353 248 397 Is
270 350 392 396 enim
423 346 633 404 affirmat,
682 352 941 398 vexillarios
972 348 1100 397 fuisse
1131 353 1300 399 tirones
1332 355 1378 398 in
1411 346 1686 412 legionibus}
1735 349 2028 417 eosdemque,
2069 356 2148 417 qui

205 418 316 464 olim
341 416 505 464 hastati.
579 421 866 467 Mirmillones
896 419 1054 482 galeati
1083 435 1126 466 et
1157 421 1275 467 inter
1306 419 1600 485 pugnandum
1634 417 1925 472 subsidentes,
1962 421 2147 485 popliti-

204 483 379 549 busque
407 482 449 531 se
471 487 758 551 excipientes.
835 488 896 535 id.
922 489 1149 534 Ferrarius
1177 490 1231 537 ll.
1264 503 1335 547 ¹4.
1412 491 1480 534 De
1508 485 1793 533 auxiliaribus
1812 490 1978 552 copiis,
2001 490 2144 549 sociis,

202 555 594 605 extraordinariis,
631 552 819 610 ahleffis,
853 549 1061 612 alaribus,
1098 557 1217 602 idem
1252 553 1424 621 Lipsius
1457 555 1531 602 lib.
1556 569 1598 603 2.
1628 573 1719 620 cap.
1740 571 1785 617 7.
1816 571 1858 602 et
1891 556 1969 606 Iul.
1992 553 2148 603 Caesar

202 621 478 682 Bulengerus
504 622 558 667 de
581 624 776 687 imperio
800 626 1004 670 Romano
1029 641 1071 687 p.
1100 639 1192 685 372
1217 621 1278 687 sq.
1350 623 1532 676 Velitis,
1571 623 1753 677 hastati,
1788 625 2020 688 principis,
2035 626 2144 683 {tria-

201 690 259 735 rii
286 704 328 735 et
352 690 513 751 equitis
535 693 714 737 iconem
739 709 841 737 cum
863 694 997 738 armis
1019 690 1105 738 suis
1127 690 1262 738 habes
1283 706 1410 737 tomo
1448 706 1521 739 10.
1541 694 1677 755 antiq.
1701 695 1889 737 Roman.
1912 708 2007 755 pag.
2033 699 2144 753 869.

201 759 271 802 De
294 758 486 802 Triariis
509 756 668 805 confer
691 761 977 807 Ciacconium
999 760 1052 806 ad
1073 759 1329 807 columnam
1343 761 1528 805 Traiani
1559 778 1602 806 n.
1629 774 1737 819 203.
1807 763 1876 805 De
1898 757 2146 818 tesserariis,

202 825 279 886 qui
301 821 501 873 tesseram
524 827 763 874 militarem
787 844 870 892 per
892 828 1096 874 militum
1116 828 1409 874 contubernia
1436 826 1722 884 nuntiabant,
1759 826 1959 892 Lipsium
1980 826 2034 874 ad
2058 830 2146 873 Ta·

175 893 277 946 xciti
307 891 480 938 Histor.
518 893 594 942 lib.
632 910 670 943 ι.
705 913 783 959 cap
829 912 903 956 34.
970 899 1039 942 De
1071 895 1311 951 militibus,
1346 897 1424 959 qui
1453 893 1717 959 anteceſjores
1747 894 2038 949 dicebantur,
2074 910 2147 941 eo·

201 976 394 1023 rumque
417 958 470 1006 ab
500 960 816 1023 antesignanis,
852 965 1036 1010 rorariis
1066 979 1109 1010 et
1135 963 1398 1027 antepilanis
1432 961 1688 1009 discrimine
1714 961 1884 1009 disserit
1927 966 2027 1010 Car.
2050 963 2146 1008 Fri·
2197 980 2201 981 ⁷
2244 1019 2248 1031 ι

203 1026 295 1072 der.
319 1027 546 1074 Walchius
573 1031 618 1074 in
646 1033 751 1076 lCto
774 1028 1062 1077 ancecessore.
1086 1035 1215 1077 lenae
1244 1045 1381 1087 1752.
1413 1039 1452 1085 8.
1476 1047 1576 1094 pag.
1602 1039 1627 1086 8
1651 1028 1743 1093 sqq.
1778 1027 2146 1095 Disponebantur

199 1094 374 1158 pedites
397 1096 442 1140 in
467 1099 708 1150 centurias,
744 1097 1059 1160 decuriasque,
1094 1097 1479 1161 quemadmodum
1510 1100 1678 1161 equites
1700 1101 1744 1143 in
1766 1103 1962 1145 Turmas
1984 1116 1993 1142 ε
2053 1098 2150 1144 Glo-

199 1160 276 1208 bus'
297 1161 382 1208 siue
403 1164 594 1228 drungus
616 1179 804 1210 vocatur
825 1167 901 1228 qui
921 1162 1142 1229 separatus
1161 1164 1213 1211 ab
1236 1161 1461 1226 acie'vago
1489 1161 1764 1230 superuentu
1786 1163 1975 1213 incursat
1997 1166 2149 1211 inimi-

201 1246 300 1283 cos,
338 1245 387 1276 vt
407 1229 539 1277 docet
567 1235 777 1293 Vegetius
809 1234 885 1279 lll.
911 1250 954 1290 9.
1024 1236 1092 1280 De
1117 1235 1358 1300 manipulis,
1396 1233 1687 1286 cohortibus,
1734 1231 1885 1298 spiris,
1921 1233 2149 1297 phalangi-

199 1297 303 1361 bus,
341 1300 528 1344 cateruis
550 1299 755 1345 videatur
781 1298 1081 1363 wolfgangus
1106 1304 1263 1348 Lazius
1286 1301 1360 1349 lib.
1390 1310 1432 1347 6.
1452 1302 1509 1348 de
1529 1301 1773 1366 Republica
1794 1305 2009 1354 Romana,
2044 1301 2148 1348 Ale·
2219 1303 2221 1306 ⁴

197 1366 370 1412 xander
404 1365 457 1412 ab
483 1367 740 1414 Alexandro
769 1384 805 1416 1.
832 1384 871 1427 ς.
943 1367 1118 1433 Lipsius
1153 1372 1208 1420 ll.
1235 1383 1261 1418 2
1285 1385 1328 1416 et
1347 1388 1390 1429 4.
1460 1373 1530 1416 De
1558 1368 1800 1416 cohortibus
1826 1369 1932 1416 vide
1954 1368 2149 1415 Ratbodi

198 1436 361 1480 Herm.
392 1435 556 1481 Sclielii
579 1433 927 1484 dissertationem
962 1452 1072 1484 tom.
1109 1453 1175 1488 10.
1199 1435 1391 1484 thesauri
1421 1439 1664 1485 Graeuiani
1694 1454 1738 1502 p.
1776 1452 1914 1497 1277.
1979 1439 2147 1483 Earum
2187 1454 2203 1466 ·³

198 1504 388 1548 nomina
403 1504 564 1548 ordine
579 1504 861 1567 alphabetico
878 1523 930 1552 ex
955 1508 1102 1552 numis
1124 1523 1166 1553 et
1186 1502 1555 1570 inscriptionibus
1577 1507 1772 1569 antiquis
1785 1503 1924 1551 refert
1937 1505 2148 1552 Goltzius

196 1585 299 1632 pag.
340 1580 429 1627 178
468 1567 560 1634 sqq.
595 1570 788 1618 thesauri
819 1576 883 1619 rei
911 1575 1208 1638 antiquariae3
1249 1590 1292 1621 et
1321 1575 1402 1621 alia
1430 1575 1482 1620 ad
1513 1591 1606 1620 rem
1637 1574 1879 1620 militarem
1908 1569 2147 1637 speRantia

195 1653 293 1700 pag.
326 1653 408 1697 14¹
442 1635 533 1701 sqq.
606 1643 673 1686 De
708 1642 897 1687 cohorte
929 1642 1075 1688 Italica
1105 1641 1381 1703 enAugusta
1417 1639 1765 1688 dissertationem
1796 1641 1939 1688 edidit
1968 1638 2146 1686 Christi.

197 1706 339 1750 Gottl.
367 1706 639 1753 Schwarzius
671 1707 852 1754 Altorfii
883 1724 1023 1770 1720.
1100 1714 1169 1756 De
1189 1712 1394 1774 legionum
1430 1727 1647 1764 numero,
1685 1710 1847 1755 ordine
1874 1724 1918 1753 et
1949 1707 2144 1752 nomini-

196 1770 279 1817 bus
302 1789 438 1833 agunt
462 1774 582 1820 idem
608 1779 766 1822 Lazius
796 1776 870 1822 lib.
901 1794 941 1837 5.
970 1777 1151 1841 prolixe
1175 1794 1217 1824 et
1248 1775 1590 1839 diligentissime.
1671 1774 1843 1837 Lipsius
1871 1773 1945 1819 lib.
1970 1787 2012 1822 2.
2041 1790 2074 1820 c.
2103 1787 2147 1824 <-
2197 1831 2200 1836 Ι

195 1835 452 1908 Franciscus
494 1842 782 1890 Robortellus
817 1845 870 1890 de
903 1845 1160 1906 legionibus
1202 1848 1511 1891 Romanorum
1549 1844 1602 1890 ad
1634 1843 1785 1909 locum
1824 1842 1988 1887 Dionis
2019 1838 2146 1887 Cassii

193 1905 270 1952 lib.
300 1921 372 1966 55.
412 1911 583 1955 Bonon.
615 1927 753 1966 1559.
827 1915 890 1957 10.
921 1917 1062 1959 Henr.
1099 1913 1343 1959 Boeclerus‘
1368 1913 1422 1957 de
1445 1912 1623 1971 legione
1643 1911 1866 1961 Romana,
1901 1913 2147 1969 Argentor.

201 1977 342 2034 1670.
366 1989 408 2019 et
431 1991 558 2020 tomo
584 1992 623 2023 2.
647 1975 757 2040 disp.
797 1995 838 2041 p.
871 1992 978 2040 5341.
1045 1982 1152 2024 Eius
1173 1977 1264 2024 diss.
1290 1996 1376 2025 vna
1409 1995 1509 2024 cum
1543 1976 1803 2023 Robertello
1827 1991 1869 2022 et
1892 1976 2143 2040 praeclaros

193 2038 417 2087 Francisci
452 2043 628 2088 Patricii
667 2048 711 2072 ¹0
743 2060 908 2105 opere,
942 2047 1065 2108 quod
1091 2044 1264 2110 Lipsius
1286 2046 1392 2091 hinc
1415 2046 1520 2091 inde
1540 2043 1749 2108 sequutus
1770 2041 1853 2090 effe
1878 2045 2062 2096 dicitur,
2101 2058 2144 2090 et

196 2109 424 2154 Ferrariae
457 2119 544 2167 158
560 2130 593 2167 3.
614 2129 659 2173 4.
685 2112 856 2175 prodiit
877 2109 953 2157 sub
978 2114 1109 2158 titulo
1133 2131 1140 2157 :
1191 2115 1250 2159 La
1270 2114 1426 2158 militia
1448 2116 1639 2160 Romana
1672 2114 1717 2158 di
1742 2110 1937 2172 Polybio,
1975 2113 2022 2157 di
2046 2115 2144 2158 Tito
2214 2107 2217 2126 ⁷

193 2177 338 2233 Livio,
376 2189 418 2221 et
439 2179 484 2222 di
517 2179 713 2240 Dion-isto
736 2179 1009 2242 Alicarnaſjeo
1033 2181 1272 2227 dichiarata
1293 2194 1333 2226 et
1362 2198 1435 2227 con
1461 2186 1584 2227 varie
1601 2179 1747 2245 figure
1766 2180 1987 2242 illustrata.
2057 2183 2143 2226 Lu·
2190 2228 2216 2246 „F

197 2243 392 2308 delphus
425 2261 535 2291 vero
570 2249 812 2292 Neocorus
851 2264 904 2292 ex
942 2247 1088 2294 Italica
1117 2248 1316 2294 editione
1355 2251 1488 2296 Rom.
1526 2262 1669 2308 1594.
1695 2245 1779 2296 fol.
1804 2248 1960 2294 Latine
1991 2249 2144 2301 vertit,

195 2309 342 2356 recusa
381 2311 548 2359 exstant
588 2329 697 2360 tom.
746 2331 816 2362 to.
854 2316 1102 2376 antiquitat.
1145 2319 1448 2363 Romanarum
1491 2316 1689 2363 Graeuii.
1757 2314 1993 2362 Hubertus
2032 2317 2142 2361 item
2179 2376 2182 2377 ⁷

197 2377 404 2426 Goltzius
422 2382 470 2426 in
492 2378 696 2429 thesauro
728 2382 795 2427 rei
829 2385 1100 2446 antiquariae
1132 2400 1175 2449 p.
1197 2397 1294 2446 1152
1319 2381 1412 2448 sqq.
1480 2383 1729 2432 Bandurius
1760 2383 1807 2430 in
1843 2398 2006 2429 numos
2040 2382 2144 2430 Gal·

2037 2451 2147 2499 lieni

253 2566 292 2588 ¹⁰
319 2566 590 2611 Diuersumab
611 2571 687 2612 hoc
707 2571 760 2612 est
782 2571 948 2613 eiusdem
975 2572 1122 2612 Patricii
1148 2585 1266 2625 opus,
1295 2574 1399 2626 quod
1423 2573 1556 2614 itidem
1585 2573 1710 2614 lucem
1734 2569 1826 2612 vidit
1843 2571 1970 2612 ltalice
1993 2573 2140 2613 Romae

198 2628 318 2672 1594.
339 2620 405 2659 fol.
428 2637 536 2677 atque
555 2626 770 2668 inscribitur
792 2645 800 2667 ε
846 2629 1026 2668 paralleli
1048 2629 1234 2675 militm-i,
1272 2633 1325 2669 κε’
1348 2630 1453 2683 quali
1467 2630 1508 2684 fi
1520 2628 1574 2682 fa
1592 2639 1779 2682 paragone
1799 2627 1889 2665 delle
1906 2627 2047 2666 milizie
2071 2636 2143 2675 asp

196 2673 293 2713 riche
312 2675 351 2713 in
370 2678 466 2731 tutti
488 2681 516 2716 te
530 2684 632 2731 parti
652 2683 728 2721 loro
747 2698 813 2722 con
836 2683 869 2722 le
889 2684 1068 2722 mamm.
1126 2686 1326 2728 sigillatim
1351 2686 1400 2725 de
1432 2686 1564 2724 militia
1585 2694 1698 2723 veter.
1723 2682 1865 2723 Gallor,
1896 2682 2013 2722 exstat
2035 2695 2138 2736 prae-

195 2730 340 2768 clarum
367 2743 460 2782 opus
474 2732 650 2774 Gstbrielis
673 2739 863 2784 Danielis,
902 2740 936 2777 S.
960 2739 987 2780 1,
1013 2729 1225 2779 L'Histoioe
1246 2741 1292 2780 de
1316 2742 1346 2780 la
1371 2740 1498 2780 Milice
1513 2735 1709 2779 Francoise
1729 2747 1767 2778 et
1787 2736 1853 2784 des
1870 2737 2139 2794 effingentem,

192 2784 341 2836 quis’y
360 2785 445 2825 sont
465 2784 561 2830 faits,
579 2791 689 2831 Paris.
707 2804 820 2845 1721.
841 2807 883 2847 4.
906 2795 1047 2837 2V-oll.
1063 2805 1101 2835 et
1122 2795 1331 2838 Ainstelod.
1354 2806 1471 2849 1723.
1617 2776 1631 2790 ³
