<?xml version="1.0" encoding="UTF-8"?>
<!DOCTYPE html PUBLIC "-//W3C//DTD XHTML 1.0 Transitional//EN"
    "http://www.w3.org/TR/xhtml1/DTD/xhtml1-transitional.dtd">
<html xmlns="http://www.w3.org/1999/xhtml" xml:lang="en" lang="en">
 <head>
  <title>
</title>
<meta http-equiv="Content-Type" content="text/html;charset=utf-8" />
  <meta name='ocr-system' content='tesseract 3.04.00' />
  <meta name='ocr-capabilities' content='ocr_page ocr_carea ocr_par ocr_line ocrx_word'/>
</head>
<body>
  <div class='ocr_page' id='page_1' title='image "./ioalbertifabrici00fabr/ioalbertifabrici00fabr_0923.png"; bbox 0 0 2263 3027; ppageno 0'>
   <div class='ocr_carea' id='block_1_1' title="bbox 427 49 2058 155">
    <p class='ocr_par' dir='ltr' id='par_1_1' title="bbox 427 49 2058 155">
     <span class='ocr_line' id='line_1_1' title="bbox 427 49 2058 155; baseline -0.001 -28"><span class='ocrx_word' id='word_1_1' title='bbox 427 61 1147 155; x_wconf 65' lang='lat' dir='ltr'>CONNVB&#39;IAJNCESTA</span> <span class='ocrx_word' id='word_1_2' title='bbox 1186 49 1722 129; x_wconf 23' lang='lat' dir='ltr'><strong>fanspnommm:</strong></span> <span class='ocrx_word' id='word_1_3' title='bbox 1945 92 2058 142; x_wconf 71' lang='lat'><em>903-</em></span> 
     </span>
    </p>
   </div>
   <div class='ocr_carea' id='block_1_2' title="bbox 0 193 2050 2427">
    <p class='ocr_par' dir='ltr' id='par_1_2' title="bbox 86 193 2044 1011">
     <span class='ocr_line' id='line_1_2' title="bbox 87 193 2043 268; baseline 0.001 -20"><span class='ocrx_word' id='word_1_4' title='bbox 87 197 279 249; x_wconf 79' lang='lat' dir='ltr'><strong>incestus</strong></span> <span class='ocrx_word' id='word_1_5' title='bbox 299 193 971 255; x_wconf 44' lang='lat' dir='ltr'><strong>admittere&#39;nondubitarunn</strong></span> <span class='ocrx_word' id='word_1_6' title='bbox 1011 215 1060 247; x_wconf 88' lang='lat' dir='ltr'><strong>vt</strong></span> <span class='ocrx_word' id='word_1_7' title='bbox 1091 199 1554 268; x_wconf 66' lang='lat' dir='ltr'><strong>pluribus‘exemplis</strong></span> <span class='ocrx_word' id='word_1_8' title='bbox 1584 199 1890 249; x_wconf 78' lang='lat' dir='ltr'><strong>demonstrant</strong></span> <span class='ocrx_word' id='word_1_9' title='bbox 1913 204 2043 250; x_wconf 72' lang='lat' dir='ltr'><strong>Tira-²</strong></span> 
     </span>
     <span class='ocr_line' id='line_1_3' title="bbox 90 266 2044 334; baseline 0.001 -19"><span class='ocrx_word' id='word_1_10' title='bbox 90 269 263 334; x_wconf 76' lang='lat' dir='ltr'><strong>quellus&#39;</strong></span> <span class='ocrx_word' id='word_1_11' title='bbox 279 269 338 316; x_wconf 84' lang='lat' dir='ltr'><strong>ad</strong></span> <span class='ocrx_word' id='word_1_12' title='bbox 360 266 883 333; x_wconf 47' lang='lat' dir='ltr'><strong>Leg.7.j‹ioim&#39;ubialem,</strong></span> <span class='ocrx_word' id='word_1_13' title='bbox 923 283 967 315; x_wconf 84' lang='lat' dir='ltr'><strong>et</strong></span> <span class='ocrx_word' id='word_1_14' title='bbox 996 269 1048 315; x_wconf 88' lang='lat' dir='ltr'><strong>ad</strong></span> <span class='ocrx_word' id='word_1_15' title='bbox 1068 269 1375 317; x_wconf 71' lang='lat' dir='ltr'>Alexandrum</span> <span class='ocrx_word' id='word_1_16' title='bbox 1399 270 1451 317; x_wconf 89' lang='lat' dir='ltr'><strong>ab</strong></span> <span class='ocrx_word' id='word_1_17' title='bbox 1484 269 1741 318; x_wconf 80' lang='lat' dir='ltr'><strong>Alexandro</strong></span> <span class='ocrx_word' id='word_1_18' title='bbox 1763 269 1839 316; x_wconf 87' lang='lat' dir='ltr'><strong>lib.</strong></span> <span class='ocrx_word' id='word_1_19' title='bbox 1856 272 1896 317; x_wconf 47' lang='lat'><strong>*1.</strong></span> <span class='ocrx_word' id='word_1_20' title='bbox 1929 271 2044 318; x_wconf 79' lang='lat' dir='ltr'><strong>dier-</strong></span> 
     </span>
     <span class='ocr_line' id='line_1_4' title="bbox 87 333 2039 400; baseline 0 -16"><span class='ocrx_word' id='word_1_21' title='bbox 87 333 296 400; x_wconf 41' lang='lat' dir='ltr'><strong>genia-lic.</strong></span> <span class='ocrx_word' id='word_1_22' title='bbox 318 345 396 399; x_wconf 68' lang='lat'><strong>24.</strong></span> <span class='ocrx_word' id='word_1_23' title='bbox 466 340 578 384; x_wconf 82' lang='lat' dir='ltr'><strong>Non</strong></span> <span class='ocrx_word' id='word_1_24' title='bbox 591 350 747 384; x_wconf 80' lang='lat' dir='ltr'><strong>omnes</strong></span> <span class='ocrx_word' id='word_1_25' title='bbox 765 342 917 382; x_wconf 54' lang='lat' dir='ltr'><strong>&gt;tamen</strong></span> <span class='ocrx_word' id='word_1_26' title='bbox 940 352 1086 399; x_wconf 81' lang='lat' dir='ltr'><strong>neque</strong></span> <span class='ocrx_word' id='word_1_27' title='bbox 1108 338 1154 382; x_wconf 88' lang='lat' dir='ltr'><strong>in</strong></span> <span class='ocrx_word' id='word_1_28' title='bbox 1178 336 1388 384; x_wconf 84' lang='lat' dir='ltr'><strong>omnibus</strong></span> <span class='ocrx_word' id='word_1_29' title='bbox 1411 340 1469 384; x_wconf 89' lang='lat' dir='ltr'><strong>ita</strong></span> <span class='ocrx_word' id='word_1_30' title='bbox 1498 335 1684 385; x_wconf 86' lang='lat' dir='ltr'><strong>fuerunt</strong></span> <span class='ocrx_word' id='word_1_31' title='bbox 1710 356 1732 385; x_wconf 84' lang='lat' dir='ltr'><strong>a</strong></span> <span class='ocrx_word' id='word_1_32' title='bbox 1753 334 1878 385; x_wconf 88' lang='lat' dir='ltr'><strong>sensu</strong></span> <span class='ocrx_word' id='word_1_33' title='bbox 1903 338 2039 386; x_wconf 85' lang='lat' dir='ltr'><strong>huius</strong></span> 
     </span>
     <span class='ocr_line' id='line_1_5' title="bbox 89 400 2040 470; baseline 0.001 -19"><span class='ocrx_word' id='word_1_34' title='bbox 89 400 156 451; x_wconf 79' lang='lat' dir='ltr'><strong>rei</strong></span> <span class='ocrx_word' id='word_1_35' title='bbox 177 403 332 458; x_wconf 76' lang='lat' dir='ltr'><strong>alieni,</strong></span> <span class='ocrx_word' id='word_1_36' title='bbox 368 421 417 453; x_wconf 86' lang='lat' dir='ltr'><strong>vt</strong></span> <span class='ocrx_word' id='word_1_37' title='bbox 437 409 530 453; x_wconf 84' lang='lat' dir='ltr'><strong>non</strong></span> <span class='ocrx_word' id='word_1_38' title='bbox 551 408 601 452; x_wconf 79' lang='lat' dir='ltr'><strong>et.</strong></span> <span class='ocrx_word' id='word_1_39' title='bbox 617 402 698 469; x_wconf 73' lang='lat' dir='ltr'><strong>ipsi</strong></span> <span class='ocrx_word' id='word_1_40' title='bbox 717 401 977 458; x_wconf 75' lang='lat' dir='ltr'><strong>incestuosas</strong></span> <span class='ocrx_word' id='word_1_41' title='bbox 996 418 1128 468; x_wconf 82' lang='lat' dir='ltr'><strong>atque</strong></span> <span class='ocrx_word' id='word_1_42' title='bbox 1152 405 1327 466; x_wconf 76' lang='lat' dir='ltr'>exleges</span> <span class='ocrx_word' id='word_1_43' title='bbox 1351 407 1527 470; x_wconf 82' lang='lat' dir='ltr'>nuptias</span> <span class='ocrx_word' id='word_1_44' title='bbox 1542 406 1914 453; x_wconf 76' lang='lat' dir='ltr'><strong>condemnarent.</strong></span> <span class='ocrx_word' id='word_1_45' title='bbox 1969 406 2040 452; x_wconf 89' lang='lat' dir='ltr'><strong>Sic</strong></span> 
     </span>
     <span class='ocr_line' id='line_1_6' title="bbox 89 469 2042 537; baseline 0 -19"><span class='ocrx_word' id='word_1_46' title='bbox 89 473 251 519; x_wconf 78' lang='lat' dir='ltr'><strong>Cice-ro</strong></span> <span class='ocrx_word' id='word_1_47' title='bbox 278 488 367 537; x_wconf 87' lang='lat' dir='ltr'><strong>pro</strong></span> <span class='ocrx_word' id='word_1_48' title='bbox 390 473 598 521; x_wconf 81' lang='lat' dir='ltr'><strong>Cluen-tio</strong></span> <span class='ocrx_word' id='word_1_49' title='bbox 626 473 674 518; x_wconf 88' lang='lat' dir='ltr'><strong>in</strong></span> <span class='ocrx_word' id='word_1_50' title='bbox 697 469 1045 519; x_wconf 83' lang='lat' dir='ltr'><strong>matrim-onium</strong></span> <span class='ocrx_word' id='word_1_51' title='bbox 1065 473 1222 532; x_wconf 81' lang='lat' dir='ltr'><strong>generi</strong></span> <span class='ocrx_word' id='word_1_52' title='bbox 1250 489 1356 519; x_wconf 82' lang='lat' dir='ltr'><strong>cum</strong></span> <span class='ocrx_word' id='word_1_53' title='bbox 1387 470 1515 520; x_wconf 86' lang='lat' dir='ltr'><strong>socru</strong></span> <span class='ocrx_word' id='word_1_54' title='bbox 1534 474 1767 521; x_wconf 79' lang='lat' dir='ltr'><strong>invehi-tur</strong></span> <span class='ocrx_word' id='word_1_55' title='bbox 1799 473 1869 520; x_wconf 90' lang='lat' dir='ltr'><strong>his</strong></span> <span class='ocrx_word' id='word_1_56' title='bbox 1886 472 2042 519; x_wconf 82' lang='lat' dir='ltr'><strong>verbis</strong></span> 
     </span>
     <span class='ocr_line' id='line_1_7' title="bbox 86 537 2036 608; baseline 0 -23"><span class='ocrx_word' id='word_1_57' title='bbox 86 553 201 586; x_wconf 82' lang='lat' dir='ltr'><strong>tom.</strong></span> <span class='ocrx_word' id='word_1_58' title='bbox 234 541 314 590; x_wconf 58' lang='lat' dir='ltr'><strong>l‘ll.</strong></span> <span class='ocrx_word' id='word_1_59' title='bbox 350 542 453 588; x_wconf 84' lang='lat' dir='ltr'><strong>edit.</strong></span> <span class='ocrx_word' id='word_1_60' title='bbox 479 539 758 588; x_wconf 71' lang='lat' dir='ltr'><strong>Graeui‘anae</strong></span> <span class='ocrx_word' id='word_1_61' title='bbox 782 557 828 605; x_wconf 85' lang='lat' dir='ltr'><strong>p.</strong></span> <span class='ocrx_word' id='word_1_62' title='bbox 849 545 928 602; x_wconf 88' lang='lat'><strong>98.</strong></span> <span class='ocrx_word' id='word_1_63' title='bbox 960 592 969 595; x_wconf 19' lang='lat'><em>*</em></span> <span class='ocrx_word' id='word_1_64' title='bbox 984 537 1118 585; x_wconf 73' lang='lat' dir='ltr'><strong>Nubit</strong></span> <span class='ocrx_word' id='word_1_65' title='bbox 1128 555 1287 603; x_wconf 78' lang='lat' dir='ltr'><strong>genero</strong></span> <span class='ocrx_word' id='word_1_66' title='bbox 1300 540 1479 600; x_wconf 66' lang='lat' dir='ltr'><strong>socrus,</strong></span> <span class='ocrx_word' id='word_1_67' title='bbox 1517 541 1639 586; x_wconf 81' lang='lat' dir='ltr'><strong>nullis</strong></span> <span class='ocrx_word' id='word_1_68' title='bbox 1660 541 1875 608; x_wconf 79' lang='lat' dir='ltr'><strong>auspiciis,</strong></span> <span class='ocrx_word' id='word_1_69' title='bbox 1914 542 2036 588; x_wconf 70' lang='lat' dir='ltr'><strong>nullis</strong></span> 
     </span>
     <span class='ocr_line' id='line_1_8' title="bbox 89 605 2039 674; baseline -0.001 -21"><span class='ocrx_word' id='word_1_70' title='bbox 89 606 350 667; x_wconf 58' lang='lat' dir='ltr'><strong>(custoribus,</strong></span> <span class='ocrx_word' id='word_1_71' title='bbox 364 607 535 673; x_wconf 73' lang='lat' dir='ltr'><strong>fimcstis</strong></span> <span class='ocrx_word' id='word_1_72' title='bbox 557 605 774 656; x_wconf 67' lang='lat' dir='ltr'><strong>ommibus.</strong></span> <span class='ocrx_word' id='word_1_73' title='bbox 847 611 882 654; x_wconf 85' lang='grc' dir='ltr'><em>Ο</em></span> <span class='ocrx_word' id='word_1_74' title='bbox 902 607 1094 653; x_wconf 74' lang='lat' dir='ltr'><strong>mulieris·</strong></span> <span class='ocrx_word' id='word_1_75' title='bbox 1098 607 1234 668; x_wconf 72' lang='lat' dir='ltr'><strong>scelus</strong></span> <span class='ocrx_word' id='word_1_76' title='bbox 1255 606 1497 654; x_wconf 79' lang='lat' dir='ltr'><strong>incredibile</strong></span> <span class='ocrx_word' id='word_1_77' title='bbox 1522 620 1565 654; x_wconf 75' lang='lat' dir='ltr'><strong>et</strong></span> <span class='ocrx_word' id='word_1_78' title='bbox 1581 620 1761 674; x_wconf 81' lang='lat' dir='ltr'><strong>praeter</strong></span> <span class='ocrx_word' id='word_1_79' title='bbox 1779 608 1884 656; x_wconf 74' lang='lat' dir='ltr'><strong>hanc</strong></span> <span class='ocrx_word' id='word_1_80' title='bbox 1909 623 2039 654; x_wconf 77' lang='lat' dir='ltr'><strong>unam</strong></span> 
     </span>
     <span class='ocr_line' id='line_1_9' title="bbox 89 671 2039 739; baseline 0 -18"><span class='ocrx_word' id='word_1_81' title='bbox 89 679 135 721; x_wconf 62' lang='lat' dir='ltr'><strong>iaz</strong></span> <span class='ocrx_word' id='word_1_82' title='bbox 166 681 278 722; x_wconf 75' lang='lat' dir='ltr'><strong>omni</strong></span> <span class='ocrx_word' id='word_1_83' title='bbox 299 681 395 722; x_wconf 77' lang='lat' dir='ltr'><strong>vita</strong></span> <span class='ocrx_word' id='word_1_84' title='bbox 422 677 671 722; x_wconf 75' lang='lat' dir='ltr'><strong>inauditum.</strong></span> <span class='ocrx_word' id='word_1_85' title='bbox 743 676 869 739; x_wconf 81' lang='lat' dir='ltr'><strong>Qin</strong></span> <span class='ocrx_word' id='word_1_86' title='bbox 903 675 1034 721; x_wconf 78' lang='lat' dir='ltr'><strong>multi</strong></span> <span class='ocrx_word' id='word_1_87' title='bbox 1053 671 1246 738; x_wconf 83' lang='lat' dir='ltr'><strong>persuasi</strong></span> <span class='ocrx_word' id='word_1_88' title='bbox 1267 690 1388 721; x_wconf 84' lang='lat' dir='ltr'><strong>erant</strong></span> <span class='ocrx_word' id='word_1_89' title='bbox 1417 678 1548 722; x_wconf 86' lang='lat' dir='ltr'><strong>etiam</strong></span> <span class='ocrx_word' id='word_1_90' title='bbox 1572 675 1703 723; x_wconf 85' lang='lat' dir='ltr'><strong>bruta</strong></span> <span class='ocrx_word' id='word_1_91' title='bbox 1720 677 1960 727; x_wconf 77' lang='lat' dir='ltr'><strong>animantia</strong></span> <span class='ocrx_word' id='word_1_92' title='bbox 1983 674 2039 721; x_wconf 84' lang='lat' dir='ltr'><strong>ab</strong></span> 
     </span>
     <span class='ocr_line' id='line_1_10' title="bbox 89 739 2037 805; baseline 0 -16"><span class='ocrx_word' id='word_1_93' title='bbox 89 741 258 789; x_wconf 80' lang='lat' dir='ltr'><strong>incestu</strong></span> <span class='ocrx_word' id='word_1_94' title='bbox 278 743 497 790; x_wconf 86' lang='lat' dir='ltr'><strong>eiusmodi</strong></span> <span class='ocrx_word' id='word_1_95' title='bbox 518 740 727 789; x_wconf 86' lang='lat' dir='ltr'><strong>sororum</strong></span> <span class='ocrx_word' id='word_1_96' title='bbox 748 760 792 790; x_wconf 87' lang='lat' dir='ltr'><strong>v.</strong></span> <span class='ocrx_word' id='word_1_97' title='bbox 814 760 855 805; x_wconf 88' lang='lat' dir='ltr'><strong>g.</strong></span> <span class='ocrx_word' id='word_1_98' title='bbox 873 758 1095 796; x_wconf 79' lang='lat' dir='ltr'><strong>matrum,</strong></span> <span class='ocrx_word' id='word_1_99' title='bbox 1115 739 1334 798; x_wconf 66' lang='lat' dir='ltr'><strong>filiarum,</strong></span> <span class='ocrx_word' id='word_1_100' title='bbox 1360 757 1440 790; x_wconf 86' lang='lat' dir='ltr'><strong>etc.</strong></span> <span class='ocrx_word' id='word_1_101' title='bbox 1463 742 1720 792; x_wconf 65' lang='lat' dir='ltr'><strong>abliorrere.</strong></span> <span class='ocrx_word' id='word_1_102' title='bbox 1785 746 1855 792; x_wconf 87' lang='lat' dir='ltr'><strong>Sic</strong></span> <span class='ocrx_word' id='word_1_103' title='bbox 1875 757 2037 792; x_wconf 83' lang='lat' dir='ltr'><strong>notum</strong></span> 
     </span>
     <span class='ocr_line' id='line_1_11' title="bbox 87 809 631 873; baseline -0.002 -17"><span class='ocrx_word' id='word_1_104' title='bbox 87 809 203 858; x_wconf 84' lang='lat' dir='ltr'><strong>illud</strong></span> <span class='ocrx_word' id='word_1_105' title='bbox 222 813 409 859; x_wconf 77' lang='lat' dir='ltr'><strong>Senecae</strong></span> <span class='ocrx_word' id='word_1_106' title='bbox 426 812 631 873; x_wconf 81' lang='lat' dir='ltr'>Tragici:</span> 
     </span>
     <span class='ocr_line' id='line_1_12' title="bbox 426 876 1498 943; baseline -0.001 -18"><span class='ocrx_word' id='word_1_107' title='bbox 426 878 429 881; x_wconf 46' lang='lat'><em>⁴</em></span> <span class='ocrx_word' id='word_1_108' title='bbox 525 881 658 926; x_wconf 82' lang='lat' dir='ltr'><strong>Ferae</strong></span> <span class='ocrx_word' id='word_1_109' title='bbox 674 893 841 942; x_wconf 74' lang='lat' dir='ltr'><strong>quoque</strong></span> <span class='ocrx_word' id='word_1_110' title='bbox 860 876 968 943; x_wconf 71' lang='lat' dir='ltr'><strong>ipslte</strong></span> <span class='ocrx_word' id='word_1_111' title='bbox 990 878 1162 924; x_wconf 70' lang='lat' dir='ltr'><strong>Venera-</strong></span> <span class='ocrx_word' id='word_1_112' title='bbox 1181 881 1351 926; x_wconf 76' lang='lat' dir='ltr'><strong>evitant</strong></span> <span class='ocrx_word' id='word_1_113' title='bbox 1368 876 1498 942; x_wconf 67' lang='lat' dir='ltr'><strong>nefas,</strong></span> 
     </span>
     <span class='ocr_line' id='line_1_13' title="bbox 517 945 1408 1011; baseline -0.004 -17"><span class='ocrx_word' id='word_1_114' title='bbox 517 949 774 1009; x_wconf 77' lang='lat' dir='ltr'><strong>Generisque</strong></span> <span class='ocrx_word' id='word_1_115' title='bbox 804 947 908 1010; x_wconf 79' lang='lat' dir='ltr'><strong>leges</strong></span> <span class='ocrx_word' id='word_1_116' title='bbox 930 945 1244 1007; x_wconf 53' lang='lat' dir='ltr'><strong>&amp;fiius-[breta</strong></span> <span class='ocrx_word' id='word_1_117' title='bbox 1256 945 1408 1011; x_wconf 80' lang='lat' dir='ltr'><strong>pudor.</strong></span> 
     </span>
    </p>

    <p class='ocr_par' dir='ltr' id='par_1_3' title="bbox 0 1010 2050 2427">
     <span class='ocr_line' id='line_1_14' title="bbox 221 1010 2024 1077; baseline 0 -17"><span class='ocrx_word' id='word_1_118' title='bbox 221 1011 354 1060; x_wconf 83' lang='lat' dir='ltr'><strong>Adde</strong></span> <span class='ocrx_word' id='word_1_119' title='bbox 378 1028 489 1077; x_wconf 86' lang='lat' dir='ltr'><strong>quae</strong></span> <span class='ocrx_word' id='word_1_120' title='bbox 516 1031 571 1062; x_wconf 83' lang='lat' dir='ltr'><strong>ex</strong></span> <span class='ocrx_word' id='word_1_121' title='bbox 604 1012 854 1062; x_wconf 85' lang='lat' dir='ltr'><strong>Aristotelis</strong></span> <span class='ocrx_word' id='word_1_122' title='bbox 878 1012 1155 1059; x_wconf 85' lang='lat' dir='ltr'><strong>mirabilibus</strong></span> <span class='ocrx_word' id='word_1_123' title='bbox 1185 1014 1240 1059; x_wconf 85' lang='lat' dir='ltr'><strong>de</strong></span> <span class='ocrx_word' id='word_1_124' title='bbox 1269 1012 1448 1060; x_wconf 79' lang='lat' dir='ltr'><strong>camelis</strong></span> <span class='ocrx_word' id='word_1_125' title='bbox 1468 1010 1676 1060; x_wconf 82' lang='lat' dir='ltr'><strong>Aelianus</strong></span> <span class='ocrx_word' id='word_1_126' title='bbox 1700 1012 1725 1060; x_wconf 86' lang='lat' dir='ltr'><strong>l.</strong></span> <span class='ocrx_word' id='word_1_127' title='bbox 1751 1017 1792 1060; x_wconf 90' lang='grc'><strong>6.</strong></span> <span class='ocrx_word' id='word_1_128' title='bbox 1814 1010 2024 1061; x_wconf 82' lang='lat' dir='ltr'><strong>historiae</strong></span> 
     </span>
     <span class='ocr_line' id='line_1_15' title="bbox 85 1077 2035 1144; baseline 0 -18"><span class='ocrx_word' id='word_1_129' title='bbox 85 1080 348 1128; x_wconf 83' lang='lat' dir='ltr'><strong>animalium</strong></span> <span class='ocrx_word' id='word_1_130' title='bbox 368 1081 590 1136; x_wconf 78' lang='lat' dir='ltr'><strong>c.vltim0,</strong></span> <span class='ocrx_word' id='word_1_131' title='bbox 605 1078 1002 1143; x_wconf 18' lang='lat' dir='ltr'><strong>etrGeorgPisides</strong></span> <span class='ocrx_word' id='word_1_132' title='bbox 1013 1077 1303 1141; x_wconf 86' lang='lat' dir='ltr'><strong>Cosmurgiae</strong></span> <span class='ocrx_word' id='word_1_133' title='bbox 1322 1097 1364 1128; x_wconf 86' lang='lat' dir='ltr'><strong>v.</strong></span> <span class='ocrx_word' id='word_1_134' title='bbox 1377 1095 1490 1137; x_wconf 79' lang='lat'><strong>910.</strong></span> <span class='ocrx_word' id='word_1_135' title='bbox 1507 1077 1603 1144; x_wconf 90' lang='lat' dir='ltr'>sqq.</span> <span class='ocrx_word' id='word_1_136' title='bbox 1620 1081 1675 1127; x_wconf 88' lang='lat' dir='ltr'><strong>de</strong></span> <span class='ocrx_word' id='word_1_137' title='bbox 1687 1081 1827 1144; x_wconf 85' lang='lat' dir='ltr'><strong>equis,</strong></span> <span class='ocrx_word' id='word_1_138' title='bbox 1841 1081 2035 1128; x_wconf 87' lang='lat' dir='ltr'><strong>Hieron.</strong></span> 
     </span>
     <span class='ocr_line' id='line_1_16' title="bbox 88 1145 2040 1212; baseline 0.001 -18"><span class='ocrx_word' id='word_1_139' title='bbox 88 1149 303 1195; x_wconf 86' lang='lat' dir='ltr'><strong>Ro-rarius</strong></span> <span class='ocrx_word' id='word_1_140' title='bbox 327 1148 382 1196; x_wconf 89' lang='lat' dir='ltr'><strong>de</strong></span> <span class='ocrx_word' id='word_1_141' title='bbox 402 1150 575 1197; x_wconf 86' lang='lat' dir='ltr'><strong>ratione</strong></span> <span class='ocrx_word' id='word_1_142' title='bbox 606 1149 749 1196; x_wconf 83' lang='lat' dir='ltr'><strong>bruris</strong></span> <span class='ocrx_word' id='word_1_143' title='bbox 773 1161 1061 1212; x_wconf 80' lang='lat' dir='ltr'><strong>competente</strong></span> <span class='ocrx_word' id='word_1_144' title='bbox 1080 1163 1128 1212; x_wconf 83' lang='lat' dir='ltr'><strong>p.</strong></span> <span class='ocrx_word' id='word_1_145' title='bbox 1151 1161 1229 1205; x_wconf 86' lang='lat'><strong>7-2.</strong></span> <span class='ocrx_word' id='word_1_146' title='bbox 1253 1146 1309 1193; x_wconf 87' lang='lat' dir='ltr'><strong>de</strong></span> <span class='ocrx_word' id='word_1_147' title='bbox 1342 1147 1438 1193; x_wconf 83' lang='lat' dir='ltr'><strong>aliis</strong></span> <span class='ocrx_word' id='word_1_148' title='bbox 1459 1146 1757 1195; x_wconf 87' lang='lat' dir='ltr'><strong>animantibus</strong></span> <span class='ocrx_word' id='word_1_149' title='bbox 1780 1145 2040 1195; x_wconf 67' lang='lat' dir='ltr'><strong>Bonis-“acius</strong></span> 
     </span>
     <span class='ocr_line' id='line_1_17' title="bbox 88 1211 2042 1279; baseline 0.001 -18"><span class='ocrx_word' id='word_1_150' title='bbox 88 1213 117 1261; x_wconf 88' lang='lat' dir='ltr'><strong>l.</strong></span> <span class='ocrx_word' id='word_1_151' title='bbox 149 1231 184 1267; x_wconf 82' lang='lat'><strong>1.</strong></span> <span class='ocrx_word' id='word_1_152' title='bbox 215 1213 442 1262; x_wconf 86' lang='lat' dir='ltr'><strong>Historiae</strong></span> <span class='ocrx_word' id='word_1_153' title='bbox 469 1217 688 1264; x_wconf 81' lang='lat' dir='ltr'><strong>Ludicrae</strong></span> <span class='ocrx_word' id='word_1_154' title='bbox 716 1234 754 1262; x_wconf 83' lang='lat' dir='ltr'><strong>c.</strong></span> <span class='ocrx_word' id='word_1_155' title='bbox 776 1232 818 1273; x_wconf 90' lang='lat'><strong>4.</strong></span> <span class='ocrx_word' id='word_1_156' title='bbox 887 1218 1156 1278; x_wconf 81' lang='lat' dir='ltr'><strong>Qanquam</strong></span> <span class='ocrx_word' id='word_1_157' title='bbox 1184 1211 1393 1260; x_wconf 87' lang='lat' dir='ltr'><strong>sublestae</strong></span> <span class='ocrx_word' id='word_1_158' title='bbox 1423 1211 1529 1261; x_wconf 78' lang='lat' dir='ltr'><strong>fidei</strong></span> <span class='ocrx_word' id='word_1_159' title='bbox 1552 1213 1636 1261; x_wconf 81' lang='lat' dir='ltr'><strong>esse</strong></span> <span class='ocrx_word' id='word_1_160' title='bbox 1667 1216 1899 1268; x_wconf 83' lang='lat' dir='ltr'><strong>videntur,</strong></span> <span class='ocrx_word' id='word_1_161' title='bbox 1928 1231 2042 1279; x_wconf 80' lang='lat' dir='ltr'><strong>quae</strong></span> 
     </span>
     <span class='ocr_line' id='line_1_18' title="bbox 91 1279 2041 1346; baseline -0.002 -16"><span class='ocrx_word' id='word_1_162' title='bbox 91 1281 148 1330; x_wconf 86' lang='lat' dir='ltr'><strong>de</strong></span> <span class='ocrx_word' id='word_1_163' title='bbox 166 1282 466 1329; x_wconf 84' lang='lat' dir='ltr'><strong>animantibus</strong></span> <span class='ocrx_word' id='word_1_164' title='bbox 500 1282 619 1330; x_wconf 85' lang='lat' dir='ltr'><strong>hisce</strong></span> <span class='ocrx_word' id='word_1_165' title='bbox 649 1281 888 1346; x_wconf 79' lang='lat' dir='ltr'><strong>scriptores</strong></span> <span class='ocrx_word' id='word_1_166' title='bbox 913 1281 1122 1345; x_wconf 77' lang='lat' dir='ltr'><strong>nonnulli</strong></span> <span class='ocrx_word' id='word_1_167' title='bbox 1144 1280 1440 1328; x_wconf 83' lang='lat' dir='ltr'><strong>tradiderunt.</strong></span> <span class='ocrx_word' id='word_1_168' title='bbox 1517 1282 1569 1330; x_wconf 75' lang='lat' dir='ltr'><strong>ln</strong></span> <span class='ocrx_word' id='word_1_169' title='bbox 1600 1279 1744 1329; x_wconf 78' lang='lat' dir='ltr'><strong>Insula</strong></span> <span class='ocrx_word' id='word_1_170' title='bbox 1763 1281 1962 1345; x_wconf 78' lang='lat' dir='ltr'><strong>Ceylon,</strong></span> <span class='ocrx_word' id='word_1_171' title='bbox 1997 1296 2041 1329; x_wconf 85' lang='lat' dir='ltr'><strong>et</strong></span> 
     </span>
     <span class='ocr_line' id='line_1_19' title="bbox 93 1346 2042 1414; baseline 0 -19"><span class='ocrx_word' id='word_1_172' title='bbox 93 1348 211 1413; x_wconf 81' lang='lat' dir='ltr'><strong>apud</strong></span> <span class='ocrx_word' id='word_1_173' title='bbox 231 1346 474 1396; x_wconf 80' lang='lat' dir='ltr'><strong>Siamen-ses</strong></span> <span class='ocrx_word' id='word_1_174' title='bbox 505 1348 721 1398; x_wconf 81' lang='lat' dir='ltr'><strong>incestu-m</strong></span> <span class='ocrx_word' id='word_1_175' title='bbox 745 1346 849 1395; x_wconf 83' lang='lat' dir='ltr'><strong>solis</strong></span> <span class='ocrx_word' id='word_1_176' title='bbox 873 1347 958 1396; x_wconf 75' lang='lat' dir='ltr'><strong>esse</strong></span> <span class='ocrx_word' id='word_1_177' title='bbox 976 1348 1160 1396; x_wconf 76' lang='lat' dir='ltr'><strong>licitum</strong></span> <span class='ocrx_word' id='word_1_178' title='bbox 1173 1347 1371 1410; x_wconf 84' lang='lat' dir='ltr'><strong>Regibus</strong></span> <span class='ocrx_word' id='word_1_179' title='bbox 1400 1347 1580 1395; x_wconf 84' lang='lat' dir='ltr'><strong>tradunt</strong></span> <span class='ocrx_word' id='word_1_180' title='bbox 1601 1350 1834 1399; x_wconf 81' lang='lat' dir='ltr'><strong>itineraria.</strong></span> <span class='ocrx_word' id='word_1_181' title='bbox 1903 1349 2042 1414; x_wconf 90' lang='lat' dir='ltr'><strong>Apud</strong></span> 
     </span>
     <span class='ocr_line' id='line_1_20' title="bbox 91 1412 2041 1479; baseline 0 -17"><span class='ocrx_word' id='word_1_182' title='bbox 91 1412 391 1464; x_wconf 82' lang='lat' dir='ltr'><strong>Tschinenses</strong></span> <span class='ocrx_word' id='word_1_183' title='bbox 412 1418 460 1463; x_wconf 85' lang='lat' dir='ltr'><strong>in</strong></span> <span class='ocrx_word' id='word_1_184' title='bbox 481 1417 691 1464; x_wconf 81' lang='lat' dir='ltr'><strong>omnibus</strong></span> <span class='ocrx_word' id='word_1_185' title='bbox 710 1414 1031 1478; x_wconf 69' lang='lat' dir='ltr'><strong>religiosissime</strong></span> <span class='ocrx_word' id='word_1_186' title='bbox 1053 1413 1313 1462; x_wconf 81' lang='lat' dir='ltr'><strong>obseruatur</strong></span> <span class='ocrx_word' id='word_1_187' title='bbox 1330 1432 1389 1462; x_wconf 88' lang='lat' dir='ltr'><strong>ne</strong></span> <span class='ocrx_word' id='word_1_188' title='bbox 1410 1417 1509 1479; x_wconf 91' lang='lat' dir='ltr'><strong>quis</strong></span> <span class='ocrx_word' id='word_1_189' title='bbox 1532 1433 1726 1463; x_wconf 80' lang='lat' dir='ltr'><strong>vxorem</strong></span> <span class='ocrx_word' id='word_1_190' title='bbox 1750 1416 1940 1463; x_wconf 86' lang='lat' dir='ltr'><strong>omnino</strong></span> <span class='ocrx_word' id='word_1_191' title='bbox 1959 1414 2041 1463; x_wconf 81' lang='lat' dir='ltr'><strong>fibi</strong></span> 
     </span>
     <span class='ocr_line' id='line_1_21' title="bbox 93 1481 2044 1547; baseline 0.001 -18"><span class='ocrx_word' id='word_1_192' title='bbox 93 1482 224 1530; x_wconf 85' lang='lat' dir='ltr'><strong>ducat</strong></span> <span class='ocrx_word' id='word_1_193' title='bbox 243 1486 564 1546; x_wconf 84' lang='lat' dir='ltr'><strong>cognominem</strong></span> <span class='ocrx_word' id='word_1_194' title='bbox 578 1520 588 1540; x_wconf 91' lang='lat'><em>‚</em></span> <span class='ocrx_word' id='word_1_195' title='bbox 624 1482 792 1532; x_wconf 82' lang='lat' dir='ltr'><strong>tametsi</strong></span> <span class='ocrx_word' id='word_1_196' title='bbox 812 1484 934 1530; x_wconf 86' lang='lat' dir='ltr'><strong>nulla</strong></span> <span class='ocrx_word' id='word_1_197' title='bbox 951 1481 1174 1546; x_wconf 80' lang='lat' dir='ltr'><strong>sanguinis</strong></span> <span class='ocrx_word' id='word_1_198' title='bbox 1197 1485 1314 1530; x_wconf 89' lang='lat' dir='ltr'><strong>inter</strong></span> <span class='ocrx_word' id='word_1_199' title='bbox 1332 1497 1579 1547; x_wconf 84' lang='lat' dir='ltr'><strong>Vtrumque</strong></span> <span class='ocrx_word' id='word_1_200' title='bbox 1600 1483 1843 1531; x_wconf 86' lang='lat' dir='ltr'><strong>intercedat</strong></span> <span class='ocrx_word' id='word_1_201' title='bbox 1864 1481 2044 1531; x_wconf 74' lang='lat' dir='ltr'><strong>necessi«</strong></span> 
     </span>
     <span class='ocr_line' id='line_1_22' title="bbox 87 1547 2041 1618; baseline 0.002 -21"><span class='ocrx_word' id='word_1_202' title='bbox 87 1551 213 1599; x_wconf 80' lang='lat' dir='ltr'><strong>tudo,</strong></span> <span class='ocrx_word' id='word_1_203' title='bbox 288 1548 630 1601; x_wconf 86' lang='lat' dir='ltr'><strong>Tschinensium</strong></span> <span class='ocrx_word' id='word_1_204' title='bbox 649 1567 790 1618; x_wconf 82' lang='lat' dir='ltr'><strong>porro</strong></span> <span class='ocrx_word' id='word_1_205' title='bbox 812 1547 1087 1613; x_wconf 84' lang='lat' dir='ltr'><strong>cognomina</strong></span> <span class='ocrx_word' id='word_1_206' title='bbox 1111 1551 1229 1598; x_wconf 86' lang='lat' dir='ltr'><strong>haud</strong></span> <span class='ocrx_word' id='word_1_207' title='bbox 1249 1550 1400 1615; x_wconf 87' lang='lat' dir='ltr'><strong>paullo</strong></span> <span class='ocrx_word' id='word_1_208' title='bbox 1419 1553 1630 1616; x_wconf 82' lang='lat' dir='ltr'><strong>pauciora</strong></span> <span class='ocrx_word' id='word_1_209' title='bbox 1647 1549 1748 1598; x_wconf 85' lang='lat' dir='ltr'><strong>sunt</strong></span> <span class='ocrx_word' id='word_1_210' title='bbox 1764 1567 1898 1615; x_wconf 84' lang='lat' dir='ltr'><strong>quam</strong></span> <span class='ocrx_word' id='word_1_211' title='bbox 1918 1549 2041 1616; x_wconf 84' lang='lat' dir='ltr'><strong>apud.</strong></span> 
     </span>
     <span class='ocr_line' id='line_1_23' title="bbox 89 1617 2044 1684; baseline -0.001 -18"><span class='ocrx_word' id='word_1_212' title='bbox 89 1617 318 1673; x_wconf 86' lang='lat' dir='ltr'><strong>nostrates,</strong></span> <span class='ocrx_word' id='word_1_213' title='bbox 340 1636 487 1684; x_wconf 86' lang='lat' dir='ltr'><strong>neque</strong></span> <span class='ocrx_word' id='word_1_214' title='bbox 509 1622 631 1669; x_wconf 89' lang='lat' dir='ltr'><strong>enim</strong></span> <span class='ocrx_word' id='word_1_215' title='bbox 651 1619 775 1668; x_wconf 79' lang='lat' dir='ltr'><strong>mille</strong></span> <span class='ocrx_word' id='word_1_216' title='bbox 797 1619 1289 1678; x_wconf 85' lang='lat' dir='ltr'><strong>numerantur‚nemini</strong></span> <span class='ocrx_word' id='word_1_217' title='bbox 1309 1634 1421 1664; x_wconf 84' lang='lat' dir='ltr'><strong>vero</strong></span> <span class='ocrx_word' id='word_1_218' title='bbox 1453 1619 1556 1666; x_wconf 90' lang='lat' dir='ltr'><strong>licet</strong></span> <span class='ocrx_word' id='word_1_219' title='bbox 1575 1635 1748 1666; x_wconf 90' lang='lat' dir='ltr'><strong>nouum</strong></span> <span class='ocrx_word' id='word_1_220' title='bbox 1766 1618 1948 1683; x_wconf 84' lang='lat' dir='ltr'><strong>aliquod</strong></span> <span class='ocrx_word' id='word_1_221' title='bbox 1967 1632 2044 1665; x_wconf 69' lang='lat' dir='ltr'><strong>co«²</strong></span> 
     </span>
     <span class='ocr_line' id='line_1_24' title="bbox 91 1682 2046 1751; baseline -0.001 -18"><span class='ocrx_word' id='word_1_222' title='bbox 91 1701 293 1749; x_wconf 81' lang='lat' dir='ltr'><strong>gnomen</strong></span> <span class='ocrx_word' id='word_1_223' title='bbox 313 1684 540 1749; x_wconf 83' lang='lat' dir='ltr'><strong>effingere,</strong></span> <span class='ocrx_word' id='word_1_224' title='bbox 562 1686 637 1736; x_wconf 89' lang='lat' dir='ltr'><strong>sed</strong></span> <span class='ocrx_word' id='word_1_225' title='bbox 659 1705 713 1749; x_wconf 61' lang='lat' dir='ltr'><strong>eit</strong></span> <span class='ocrx_word' id='word_1_226' title='bbox 736 1689 790 1734; x_wconf 88' lang='lat' dir='ltr'><strong>iis</strong></span> <span class='ocrx_word' id='word_1_227' title='bbox 813 1702 925 1751; x_wconf 86' lang='lat' dir='ltr'><strong>quae</strong></span> <span class='ocrx_word' id='word_1_228' title='bbox 944 1687 1128 1751; x_wconf 84' lang='lat' dir='ltr'><strong>antiquo</strong></span> <span class='ocrx_word' id='word_1_229' title='bbox 1147 1683 1228 1733; x_wconf 83' lang='lat' dir='ltr'><strong>vsu</strong></span> <span class='ocrx_word' id='word_1_230' title='bbox 1246 1699 1422 1751; x_wconf 86' lang='lat' dir='ltr'><strong>recepta</strong></span> <span class='ocrx_word' id='word_1_231' title='bbox 1437 1682 1552 1742; x_wconf 72' lang='lat' dir='ltr'><strong>sunt,</strong></span> <span class='ocrx_word' id='word_1_232' title='bbox 1574 1704 1717 1734; x_wconf 79' lang='lat' dir='ltr'><strong>vnum</strong></span> <span class='ocrx_word' id='word_1_233' title='bbox 1736 1685 1895 1733; x_wconf 83' lang='lat' dir='ltr'><strong>habeat</strong></span> <span class='ocrx_word' id='word_1_234' title='bbox 1907 1701 2046 1750; x_wconf 83' lang='lat' dir='ltr'><strong>opor—</strong></span> 
     </span>
     <span class='ocr_line' id='line_1_25' title="bbox 91 1749 2046 1819; baseline 0 -19"><span class='ocrx_word' id='word_1_235' title='bbox 91 1768 179 1807; x_wconf 89' lang='lat' dir='ltr'><strong>tet,</strong></span> <span class='ocrx_word' id='word_1_236' title='bbox 216 1754 462 1817; x_wconf 85' lang='lat' dir='ltr'><strong>etquidem</strong></span> <span class='ocrx_word' id='word_1_237' title='bbox 485 1756 598 1802; x_wconf 88' lang='lat' dir='ltr'><strong>illud</strong></span> <span class='ocrx_word' id='word_1_238' title='bbox 620 1773 642 1803; x_wconf 94' lang='lat' dir='ltr'><strong>a</strong></span> <span class='ocrx_word' id='word_1_239' title='bbox 665 1754 934 1811; x_wconf 86' lang='lat' dir='ltr'><strong>maioribus,</strong></span> <span class='ocrx_word' id='word_1_240' title='bbox 968 1770 1148 1819; x_wconf 87' lang='lat' dir='ltr'><strong>patrum</strong></span> <span class='ocrx_word' id='word_1_241' title='bbox 1177 1770 1271 1801; x_wconf 89' lang='lat' dir='ltr'><strong>non</strong></span> <span class='ocrx_word' id='word_1_242' title='bbox 1293 1769 1488 1801; x_wconf 86' lang='lat' dir='ltr'><strong>matrum</strong></span> <span class='ocrx_word' id='word_1_243' title='bbox 1515 1752 1627 1802; x_wconf 87' lang='lat' dir='ltr'><strong>serie</strong></span> <span class='ocrx_word' id='word_1_244' title='bbox 1658 1751 1926 1809; x_wconf 53' lang='lat' dir='ltr'><strong>deduifflm,</strong></span> <span class='ocrx_word' id='word_1_245' title='bbox 1961 1749 2046 1800; x_wconf 76' lang='lat' dir='ltr'><strong>nisi</strong></span> 
     </span>
     <span class='ocr_line' id='line_1_26' title="bbox 93 1817 2049 1886; baseline -0.001 -19"><span class='ocrx_word' id='word_1_246' title='bbox 93 1817 215 1868; x_wconf 86' lang='lat' dir='ltr'><strong>forte</strong></span> <span class='ocrx_word' id='word_1_247' title='bbox 238 1823 337 1884; x_wconf 90' lang='lat' dir='ltr'><strong>qu&#39;is</strong></span> <span class='ocrx_word' id='word_1_248' title='bbox 355 1822 404 1869; x_wconf 89' lang='lat' dir='ltr'><strong>in</strong></span> <span class='ocrx_word' id='word_1_249' title='bbox 424 1822 613 1869; x_wconf 86' lang='lat' dir='ltr'><strong>alienam</strong></span> <span class='ocrx_word' id='word_1_250' title='bbox 637 1821 774 1869; x_wconf 87' lang='lat' dir='ltr'><strong>fuerit</strong></span> <span class='ocrx_word' id='word_1_251' title='bbox 794 1819 1011 1869; x_wconf 78' lang='lat' dir='ltr'><strong>familiam</strong></span> <span class='ocrx_word' id='word_1_252' title='bbox 1035 1836 1279 1886; x_wconf 83' lang='lat' dir='ltr'><strong>cooptatus.</strong></span> <span class='ocrx_word' id='word_1_253' title='bbox 1349 1817 1591 1869; x_wconf 86' lang='lat' dir='ltr'><strong>Affinitatis</strong></span> <span class='ocrx_word' id='word_1_254' title='bbox 1622 1836 1665 1869; x_wconf 86' lang='lat' dir='ltr'><strong>et</strong></span> <span class='ocrx_word' id='word_1_255' title='bbox 1686 1818 2049 1883; x_wconf 85' lang='lat' dir='ltr'><strong>consanguinita-</strong></span> 
     </span>
     <span class='ocr_line' id='line_1_27' title="bbox 93 1886 2049 1954; baseline 0.001 -20"><span class='ocrx_word' id='word_1_256' title='bbox 93 1890 151 1934; x_wconf 88' lang='lat' dir='ltr'><strong>tis</strong></span> <span class='ocrx_word' id='word_1_257' title='bbox 170 1889 339 1949; x_wconf 21' lang='lat' dir='ltr'><strong>gradus.</strong></span> <span class='ocrx_word' id='word_1_258' title='bbox 352 1890 400 1936; x_wconf 86' lang='lat' dir='ltr'><strong>in</strong></span> <span class='ocrx_word' id='word_1_259' title='bbox 420 1887 596 1937; x_wconf 85' lang='lat' dir='ltr'><strong>diuerso</strong></span> <span class='ocrx_word' id='word_1_260' title='bbox 617 1891 893 1953; x_wconf 86' lang='lat' dir='ltr'><strong>cognomine</strong></span> <span class='ocrx_word' id='word_1_261' title='bbox 919 1889 1035 1936; x_wconf 86' lang='lat' dir='ltr'><strong>nihil</strong></span> <span class='ocrx_word' id='word_1_262' title='bbox 1053 1889 1310 1942; x_wconf 84' lang='lat' dir='ltr'><strong>attendunt,</strong></span> <span class='ocrx_word' id='word_1_263' title='bbox 1346 1903 1477 1952; x_wconf 87' lang='lat' dir='ltr'><strong>atque</strong></span> <span class='ocrx_word' id='word_1_264' title='bbox 1512 1890 1571 1936; x_wconf 87' lang='lat' dir='ltr'><strong>ita</strong></span> <span class='ocrx_word' id='word_1_265' title='bbox 1590 1889 1744 1954; x_wconf 88' lang='lat' dir='ltr'><strong>proles</strong></span> <span class='ocrx_word' id='word_1_266' title='bbox 1763 1886 1857 1934; x_wconf 88' lang='lat' dir='ltr'><strong>suas</strong></span> <span class='ocrx_word' id='word_1_267' title='bbox 1878 1903 2049 1936; x_wconf 84' lang='lat' dir='ltr'><strong>connu-</strong></span> 
     </span>
     <span class='ocr_line' id='line_1_28' title="bbox 93 1953 2048 2025; baseline -0.001 -23"><span class='ocrx_word' id='word_1_268' title='bbox 93 1953 172 2002; x_wconf 90' lang='lat' dir='ltr'><strong>bio</strong></span> <span class='ocrx_word' id='word_1_269' title='bbox 199 1956 391 2016; x_wconf 86' lang='lat' dir='ltr'><strong>iungunt</strong></span> <span class='ocrx_word' id='word_1_270' title='bbox 410 1974 514 2004; x_wconf 88' lang='lat' dir='ltr'><strong>cum</strong></span> <span class='ocrx_word' id='word_1_271' title='bbox 534 1959 749 2006; x_wconf 85' lang='lat' dir='ltr'><strong>materni-s</strong></span> <span class='ocrx_word' id='word_1_272' title='bbox 768 1957 1039 2025; x_wconf 81' lang='lat' dir='ltr'><strong>propinquis</strong></span> <span class='ocrx_word' id='word_1_273' title='bbox 1060 1958 1106 2003; x_wconf 87' lang='lat' dir='ltr'><strong>in</strong></span> <span class='ocrx_word' id='word_1_274' title='bbox 1128 1955 1334 2020; x_wconf 80' lang='lat' dir='ltr'><strong>quolibet</strong></span> <span class='ocrx_word' id='word_1_275' title='bbox 1351 1953 1450 2003; x_wconf 87' lang='lat' dir='ltr'><strong>fere</strong></span> <span class='ocrx_word' id='word_1_276' title='bbox 1465 1956 1617 2019; x_wconf 85' lang='lat' dir='ltr'><strong>gradu.</strong></span> <span class='ocrx_word' id='word_1_277' title='bbox 1666 1956 1807 2003; x_wconf 47' lang='lat' dir='ltr'><strong>*Vide</strong></span> <span class='ocrx_word' id='word_1_278' title='bbox 1827 1957 1930 2002; x_wconf 85' lang='lat' dir='ltr'><strong>Nic.</strong></span> <span class='ocrx_word' id='word_1_279' title='bbox 1943 1956 2048 2001; x_wconf 82' lang='lat' dir='ltr'><strong>Tri-</strong></span> 
     </span>
     <span class='ocr_line' id='line_1_29' title="bbox 96 2021 2049 2090; baseline -0.001 -21"><span class='ocrx_word' id='word_1_280' title='bbox 96 2023 298 2087; x_wconf 85' lang='lat' dir='ltr'><strong>gautium</strong></span> <span class='ocrx_word' id='word_1_281' title='bbox 317 2021 374 2069; x_wconf 89' lang='lat' dir='ltr'><strong>de</strong></span> <span class='ocrx_word' id='word_1_282' title='bbox 399 2040 542 2085; x_wconf 85' lang='lat' dir='ltr'><strong>regn-o</strong></span> <span class='ocrx_word' id='word_1_283' title='bbox 562 2026 712 2073; x_wconf 90' lang='lat' dir='ltr'><strong>Sinico</strong></span> <span class='ocrx_word' id='word_1_284' title='bbox 732 2041 778 2090; x_wconf 88' lang='lat' dir='ltr'><strong>p.</strong></span> <span class='ocrx_word' id='word_1_285' title='bbox 793 2032 901 2082; x_wconf 85' lang='lat'><strong>188.</strong></span> <span class='ocrx_word' id='word_1_286' title='bbox 919 2021 983 2089; x_wconf 89' lang='lat' dir='ltr'><strong>sq.</strong></span> <span class='ocrx_word' id='word_1_287' title='bbox 1053 2027 1124 2072; x_wconf 90' lang='lat' dir='ltr'><strong>De</strong></span> <span class='ocrx_word' id='word_1_288' title='bbox 1140 2021 1354 2071; x_wconf 77' lang='lat' dir='ltr'><strong>Ecclesiae</strong></span> <span class='ocrx_word' id='word_1_289' title='bbox 1365 2025 1546 2071; x_wconf 84' lang='lat' dir='ltr'><strong>Latinae</strong></span> <span class='ocrx_word' id='word_1_290' title='bbox 1566 2021 1793 2071; x_wconf 71' lang='lat' dir='ltr'><strong>sanffione</strong></span> <span class='ocrx_word' id='word_1_291' title='bbox 1814 2023 2049 2069; x_wconf 88' lang='lat' dir='ltr'><strong>matrimo-</strong></span> 
     </span>
     <span class='ocr_line' id='line_1_30' title="bbox 94 2087 2046 2158; baseline -0.001 -20"><span class='ocrx_word' id='word_1_292' title='bbox 94 2091 227 2138; x_wconf 83' lang='lat' dir='ltr'><strong>nium</strong></span> <span class='ocrx_word' id='word_1_293' title='bbox 246 2105 349 2137; x_wconf 91' lang='lat' dir='ltr'><strong>cum</strong></span> <span class='ocrx_word' id='word_1_294' title='bbox 368 2088 600 2155; x_wconf 85' lang='lat' dir='ltr'><strong>compatre</strong></span> <span class='ocrx_word' id='word_1_295' title='bbox 617 2090 706 2139; x_wconf 83' lang='lat' dir='ltr'><strong>siue</strong></span> <span class='ocrx_word' id='word_1_296' title='bbox 727 2093 906 2156; x_wconf 87' lang='lat' dir='ltr'><strong>patrino</strong></span> <span class='ocrx_word' id='word_1_297' title='bbox 926 2107 970 2139; x_wconf 91' lang='lat' dir='ltr'><strong>et</strong></span> <span class='ocrx_word' id='word_1_298' title='bbox 988 2089 1241 2158; x_wconf 83' lang='lat' dir='ltr'><strong>susceptore</strong></span> <span class='ocrx_word' id='word_1_299' title='bbox 1260 2087 1514 2156; x_wconf 86' lang='lat' dir='ltr'><strong>baptismali</strong></span> <span class='ocrx_word' id='word_1_300' title='bbox 1534 2093 1725 2138; x_wconf 85' lang='lat' dir='ltr'><strong>vetitum</strong></span> <span class='ocrx_word' id='word_1_301' title='bbox 1745 2090 1968 2137; x_wconf 87' lang='lat' dir='ltr'><strong>iudicante</strong></span> <span class='ocrx_word' id='word_1_302' title='bbox 1988 2104 2046 2136; x_wconf 82' lang='lat' dir='ltr'><strong>ex</strong></span> 
     </span>
     <span class='ocr_line' id='line_1_31' title="bbox 52 2153 2048 2224; baseline -0.002 -19"><span class='ocrx_word' id='word_1_303' title='bbox 52 2210 55 2214; x_wconf 55' lang='grc'><strong>,</strong></span> <span class='ocrx_word' id='word_1_304' title='bbox 96 2155 377 2205; x_wconf 86' lang='lat' dir='ltr'><strong>institutione</strong></span> <span class='ocrx_word' id='word_1_305' title='bbox 396 2160 538 2222; x_wconf 88' lang='lat' dir='ltr'><strong>Papae</strong></span> <span class='ocrx_word' id='word_1_306' title='bbox 557 2159 808 2215; x_wconf 76' lang='lat' dir='ltr'><strong>Theodoti,</strong></span> <span class='ocrx_word' id='word_1_307' title='bbox 844 2173 976 2224; x_wconf 88' lang='lat' dir='ltr'><strong>atque</strong></span> <span class='ocrx_word' id='word_1_308' title='bbox 998 2160 1109 2206; x_wconf 87' lang='lat' dir='ltr'><strong>duos</strong></span> <span class='ocrx_word' id='word_1_309' title='bbox 1129 2173 1302 2206; x_wconf 86' lang='lat' dir='ltr'><strong>tantum</strong></span> <span class='ocrx_word' id='word_1_310' title='bbox 1323 2158 1596 2205; x_wconf 81' lang='lat' dir='ltr'><strong>concedente</strong></span> <span class='ocrx_word' id='word_1_311' title='bbox 1626 2156 1788 2205; x_wconf 79' lang='lat' dir='ltr'><strong>diuersi</strong></span> <span class='ocrx_word' id='word_1_312' title='bbox 1818 2154 1945 2203; x_wconf 83' lang='lat' dir='ltr'><strong>sexus</strong></span> <span class='ocrx_word' id='word_1_313' title='bbox 1979 2153 2048 2202; x_wconf 87' lang='lat' dir='ltr'><strong>su-</strong></span> 
     </span>
     <span class='ocr_line' id='line_1_32' title="bbox 96 2221 2046 2291; baseline -0.001 -20"><span class='ocrx_word' id='word_1_314' title='bbox 96 2223 322 2289; x_wconf 84' lang='lat' dir='ltr'><strong>{ceptores</strong></span> <span class='ocrx_word' id='word_1_315' title='bbox 342 2258 354 2278; x_wconf 84' lang='lat'>,</span> <span class='ocrx_word' id='word_1_316' title='bbox 390 2241 448 2273; x_wconf 88' lang='lat' dir='ltr'><strong>ne</strong></span> <span class='ocrx_word' id='word_1_317' title='bbox 475 2226 764 2274; x_wconf 87' lang='lat' dir='ltr'><strong>matrimonia</strong></span> <span class='ocrx_word' id='word_1_318' title='bbox 782 2227 1109 2291; x_wconf 83' lang='lat' dir='ltr'><strong>impediantur,</strong></span> <span class='ocrx_word' id='word_1_319' title='bbox 1147 2227 1236 2271; x_wconf 86' lang='lat' dir='ltr'><strong>iam</strong></span> <span class='ocrx_word' id='word_1_320' title='bbox 1269 2222 1399 2288; x_wconf 87' lang='lat' dir='ltr'><strong>supra</strong></span> <span class='ocrx_word' id='word_1_321' title='bbox 1421 2239 1576 2271; x_wconf 87' lang='lat' dir='ltr'><strong>notare</strong></span> <span class='ocrx_word' id='word_1_322' title='bbox 1603 2241 1695 2277; x_wconf 86' lang='lat' dir='ltr'><strong>me,</strong></span> <span class='ocrx_word' id='word_1_323' title='bbox 1730 2240 1874 2287; x_wconf 89' lang='lat' dir='ltr'><strong>quum</strong></span> <span class='ocrx_word' id='word_1_324' title='bbox 1895 2223 1950 2270; x_wconf 89' lang='lat' dir='ltr'><strong>de</strong></span> <span class='ocrx_word' id='word_1_325' title='bbox 1970 2221 2046 2270; x_wconf 85' lang='lat' dir='ltr'><strong>ba-</strong></span> 
     </span>
     <span class='ocr_line' id='line_1_33' title="bbox 0 2289 2048 2358; baseline -0.001 -19"><span class='ocrx_word' id='word_1_326' title='bbox 0 2334 1 2339; x_wconf 62' lang='lat'>,</span> <span class='ocrx_word' id='word_1_327' title='bbox 96 2290 264 2358; x_wconf 83' lang='lat' dir='ltr'><strong>ptismo</strong></span> <span class='ocrx_word' id='word_1_328' title='bbox 281 2308 489 2355; x_wconf 81' lang='lat' dir='ltr'><strong>agerem,</strong></span> <span class='ocrx_word' id='word_1_329' title='bbox 524 2294 729 2341; x_wconf 85' lang='lat' dir='ltr'><strong>memini.</strong></span> <span class='ocrx_word' id='word_1_330' title='bbox 797 2293 1023 2342; x_wconf 86' lang='lat' dir='ltr'><strong>Arborem</strong></span> <span class='ocrx_word' id='word_1_331' title='bbox 1043 2289 1437 2353; x_wconf 82' lang='lat' dir='ltr'><strong>consanguinitatis</strong></span> <span class='ocrx_word' id='word_1_332' title='bbox 1466 2289 1556 2338; x_wconf 85' lang='lat' dir='ltr'><strong>siue</strong></span> <span class='ocrx_word' id='word_1_333' title='bbox 1576 2291 1927 2338; x_wconf 85' lang='lat' dir='ltr'><strong>delineationem</strong></span> <span class='ocrx_word' id='word_1_334' title='bbox 1949 2306 2048 2353; x_wconf 87' lang='lat' dir='ltr'><strong>gra·</strong></span> 
     </span>
     <span class='ocr_line' id='line_1_34' title="bbox 69 2355 2050 2427; baseline -0.004 -18.269"><span class='ocrx_word' id='word_1_335' title='bbox 69 2391 80 2409; x_wconf 48' lang='grc' dir='ltr'><strong><em>ε</em></strong></span> <span class='ocrx_word' id='word_1_336' title='bbox 101 2361 241 2408; x_wconf 90' lang='lat' dir='ltr'><strong>duum</strong></span> <span class='ocrx_word' id='word_1_337' title='bbox 263 2361 420 2408; x_wconf 85' lang='lat' dir='ltr'><strong>videre</strong></span> <span class='ocrx_word' id='word_1_338' title='bbox 440 2360 544 2408; x_wconf 90' lang='lat' dir='ltr'><strong>licet</strong></span> <span class='ocrx_word' id='word_1_339' title='bbox 563 2362 610 2408; x_wconf 90' lang='lat' dir='ltr'><strong>in</strong></span> <span class='ocrx_word' id='word_1_340' title='bbox 621 2361 836 2410; x_wconf 86' lang='lat' dir='ltr'><strong>ICtorum</strong></span> <span class='ocrx_word' id='word_1_341' title='bbox 851 2360 979 2409; x_wconf 88' lang='lat' dir='ltr'><strong>libris</strong></span> <span class='ocrx_word' id='word_1_342' title='bbox 988 2357 1142 2427; x_wconf 85' lang='lat' dir='ltr'><strong>paffim</strong></span> <span class='ocrx_word' id='word_1_343' title='bbox 1156 2356 1407 2424; x_wconf 84' lang='lat' dir='ltr'><strong>expositam</strong></span> <span class='ocrx_word' id='word_1_344' title='bbox 1425 2357 1543 2406; x_wconf 90' lang='lat' dir='ltr'><strong>libro</strong></span> <span class='ocrx_word' id='word_1_345' title='bbox 1561 2355 1866 2420; x_wconf 82' lang='lat' dir='ltr'><strong>38.Digestor.</strong></span> <span class='ocrx_word' id='word_1_346' title='bbox 1902 2360 2050 2406; x_wconf 81' lang='lat' dir='ltr'><strong>Grae-</strong></span> 
     </span>
    </p>
   </div>
   <div class='ocr_carea' id='block_1_3' title="bbox 0 2424 2050 2559">
    <p class='ocr_par' dir='ltr' id='par_1_4' title="bbox 0 2424 2050 2559">
     <span class='ocr_line' id='line_1_35' title="bbox 0 2424 2046 2490; baseline -0.002 -15"><span class='ocrx_word' id='word_1_347' title='bbox 0 2458 2 2466; x_wconf 44' lang='grc' dir='ltr'><strong><em>ι</em></strong></span> <span class='ocrx_word' id='word_1_348' title='bbox 48 2455 51 2460; x_wconf 56' lang='lat'>2</span> <span class='ocrx_word' id='word_1_349' title='bbox 101 2443 197 2476; x_wconf 87' lang='lat' dir='ltr'><strong>cam</strong></span> <span class='ocrx_word' id='word_1_350' title='bbox 209 2441 330 2477; x_wconf 80' lang='lat' dir='ltr'><strong>‘vero</strong></span> <span class='ocrx_word' id='word_1_351' title='bbox 362 2430 687 2490; x_wconf 84' lang='lat' dir='ltr'><strong>cognationum</strong></span> <span class='ocrx_word' id='word_1_352' title='bbox 717 2442 761 2476; x_wconf 89' lang='lat' dir='ltr'><strong>et</strong></span> <span class='ocrx_word' id='word_1_353' title='bbox 788 2426 1055 2476; x_wconf 82' lang='lat' dir='ltr'><strong>affinitatum</strong></span> <span class='ocrx_word' id='word_1_354' title='bbox 1081 2427 1433 2481; x_wconf 84' lang='lat' dir='ltr'><strong>delineationem</strong></span> <span class='ocrx_word' id='word_1_355' title='bbox 1461 2442 1516 2474; x_wconf 81' lang='lat' dir='ltr'><strong>ex</strong></span> <span class='ocrx_word' id='word_1_356' title='bbox 1547 2425 1701 2473; x_wconf 88' lang='lat' dir='ltr'><strong>codice</strong></span> <span class='ocrx_word' id='word_1_357' title='bbox 1723 2427 1819 2473; x_wconf 88' lang='lat' dir='ltr'><strong>MS.</strong></span> <span class='ocrx_word' id='word_1_358' title='bbox 1839 2424 2046 2488; x_wconf 81' lang='lat' dir='ltr'><strong>vulgauit</strong></span> 
     </span>
     <span class='ocr_line' id='line_1_36' title="bbox 1 2491 2050 2559; baseline -0.001 -17"><span class='ocrx_word' id='word_1_359' title='bbox 1 2519 3 2527; x_wconf 63' lang='lat'>,</span> <span class='ocrx_word' id='word_1_360' title='bbox 65 2525 71 2527; x_wconf 78' lang='lat'><strong><em>—</em></strong></span> <span class='ocrx_word' id='word_1_361' title='bbox 93 2493 328 2543; x_wconf 42' lang='lat' dir='ltr'><strong>‘Neffelius</strong></span> <span class='ocrx_word' id='word_1_362' title='bbox 347 2497 397 2543; x_wconf 88' lang='lat' dir='ltr'><strong>in</strong></span> <span class='ocrx_word' id='word_1_363' title='bbox 415 2496 627 2559; x_wconf 78' lang='lat' dir='ltr'><strong>Catalogo</strong></span> <span class='ocrx_word' id='word_1_364' title='bbox 648 2493 949 2544; x_wconf 87' lang='lat' dir='ltr'><strong>Bibliothecae</strong></span> <span class='ocrx_word' id='word_1_365' title='bbox 967 2492 1331 2547; x_wconf 75' lang='lat' dir='ltr'><strong>Vindobonensis</strong></span> <span class='ocrx_word' id='word_1_366' title='bbox 1352 2497 1478 2541; x_wconf 86' lang='lat' dir='ltr'><strong>Parte</strong></span> <span class='ocrx_word' id='word_1_367' title='bbox 1496 2496 1548 2541; x_wconf 88' lang='lat' dir='ltr'><strong>V.</strong></span> <span class='ocrx_word' id='word_1_368' title='bbox 1563 2509 1606 2558; x_wconf 87' lang='lat' dir='ltr'><strong>p.</strong></span> <span class='ocrx_word' id='word_1_369' title='bbox 1623 2505 1698 2553; x_wconf 79' lang='lat'><strong>52.</strong></span> <span class='ocrx_word' id='word_1_370' title='bbox 1711 2491 1755 2540; x_wconf 71' lang='grc' dir='ltr'>ἃ</span> <span class='ocrx_word' id='word_1_371' title='bbox 1777 2508 1832 2540; x_wconf 86' lang='lat' dir='ltr'><strong>ex</strong></span> <span class='ocrx_word' id='word_1_372' title='bbox 1849 2507 1904 2540; x_wconf 87' lang='lat' dir='ltr'><strong>eo</strong></span> <span class='ocrx_word' id='word_1_373' title='bbox 1922 2496 2050 2540; x_wconf 76' lang='lat' dir='ltr'><strong>Ten-</strong></span> 
     </span>
    </p>
   </div>
   <div class='ocr_carea' id='block_1_4' title="bbox 102 2559 2052 2828">
    <p class='ocr_par' dir='ltr' id='par_1_5' title="bbox 102 2559 2052 2768">
     <span class='ocr_line' id='line_1_37' title="bbox 103 2559 2050 2633; baseline -0.002 -23"><span class='ocrx_word' id='word_1_374' title='bbox 103 2563 240 2610; x_wconf 86' lang='lat' dir='ltr'><strong>zelius</strong></span> <span class='ocrx_word' id='word_1_375' title='bbox 262 2565 309 2610; x_wconf 86' lang='lat' dir='ltr'><strong>in</strong></span> <span class='ocrx_word' id='word_1_376' title='bbox 330 2563 518 2628; x_wconf 86' lang='lat' dir='ltr'><strong>dialogis</strong></span> <span class='ocrx_word' id='word_1_377' title='bbox 534 2563 786 2612; x_wconf 86' lang='lat' dir='ltr'><strong>vernaculis</strong></span> <span class='ocrx_word' id='word_1_378' title='bbox 807 2561 1043 2612; x_wconf 87' lang='lat' dir='ltr'><strong>menstruis</strong></span> <span class='ocrx_word' id='word_1_379' title='bbox 1069 2569 1120 2633; x_wconf 72' lang='grc' dir='ltr'><strong>ᾼ.</strong></span> <span class='ocrx_word' id='word_1_380' title='bbox 1139 2580 1216 2624; x_wconf 83' lang='lat'><strong>95.</strong></span> <span class='ocrx_word' id='word_1_381' title='bbox 1235 2569 1380 2626; x_wconf 85' lang='lat' dir='ltr'><strong>p.-66.</strong></span> <span class='ocrx_word' id='word_1_382' title='bbox 1451 2560 1580 2610; x_wconf 89' lang='lat' dir='ltr'><strong>Adde</strong></span> <span class='ocrx_word' id='word_1_383' title='bbox 1607 2560 1908 2608; x_wconf 85' lang='lat' dir='ltr'><strong>Heineccium</strong></span> <span class='ocrx_word' id='word_1_384' title='bbox 1939 2559 2050 2606; x_wconf 38' lang='lat' dir='ltr'><strong>dcliv</strong></span> 
     </span>
     <span class='ocr_line' id='line_1_38' title="bbox 102 2625 2048 2699; baseline -0.001 -24"><span class='ocrx_word' id='word_1_385' title='bbox 102 2630 434 2679; x_wconf 65' lang='lat' dir='ltr'><strong>neatjecclefiae</strong></span> <span class='ocrx_word' id='word_1_386' title='bbox 453 2649 633 2696; x_wconf 89' lang='lat' dir='ltr'><strong>graecae</strong></span> <span class='ocrx_word' id='word_1_387' title='bbox 650 2635 695 2681; x_wconf 87' lang='lat' dir='ltr'><strong>P.</strong></span> <span class='ocrx_word' id='word_1_388' title='bbox 711 2646 729 2680; x_wconf 88' lang='lat'>1</span> <span class='ocrx_word' id='word_1_389' title='bbox 748 2647 785 2680; x_wconf 89' lang='lat'><strong>1.</strong></span> <span class='ocrx_word' id='word_1_390' title='bbox 800 2648 846 2696; x_wconf 89' lang='lat' dir='ltr'><strong>p.</strong></span> <span class='ocrx_word' id='word_1_391' title='bbox 862 2645 970 2692; x_wconf 83' lang='lat'><strong>392.</strong></span> <span class='ocrx_word' id='word_1_392' title='bbox 1037 2628 1438 2699; x_wconf 63' lang='lat' dir='ltr'><strong>Quemadmodum</strong></span> <span class='ocrx_word' id='word_1_393' title='bbox 1457 2627 1577 2694; x_wconf 84' lang='lat' dir='ltr'><strong>apud</strong></span> <span class='ocrx_word' id='word_1_394' title='bbox 1595 2626 1828 2676; x_wconf 88' lang='lat' dir='ltr'><strong>Hebraeos</strong></span> <span class='ocrx_word' id='word_1_395' title='bbox 1852 2627 1924 2676; x_wconf 85' lang='lat' dir='ltr'><strong>lex</strong></span> <span class='ocrx_word' id='word_1_396' title='bbox 1945 2625 2048 2678; x_wconf 83' lang='lat' dir='ltr'><strong>fuit.</strong></span> 
     </span>
     <span class='ocr_line' id='line_1_39' title="bbox 106 2694 2052 2768; baseline -0.001 -25"><span class='ocrx_word' id='word_1_397' title='bbox 106 2710 157 2757; x_wconf 48' lang='grc' dir='ltr'><strong>γε</strong></span> <span class='ocrx_word' id='word_1_398' title='bbox 191 2696 325 2750; x_wconf 83' lang='lat' dir='ltr'><strong>orbae</strong></span> <span class='ocrx_word' id='word_1_399' title='bbox 359 2701 439 2766; x_wconf 81' lang='lat' dir='ltr'><strong>qui</strong></span> <span class='ocrx_word' id='word_1_400' title='bbox 479 2715 603 2754; x_wconf 79' lang='lat' dir='ltr'><strong>erant</strong></span> <span class='ocrx_word' id='word_1_401' title='bbox 632 2715 796 2766; x_wconf 83' lang='lat' dir='ltr'><strong>genere</strong></span> <span class='ocrx_word' id='word_1_402' title='bbox 829 2698 1058 2765; x_wconf 84' lang='lat' dir='ltr'><strong>proximi,</strong></span> <span class='ocrx_word' id='word_1_403' title='bbox 1092 2711 1191 2747; x_wconf 82' lang='lat' dir='ltr'><strong>eam</strong></span> <span class='ocrx_word' id='word_1_404' title='bbox 1217 2699 1266 2745; x_wconf 85' lang='lat' dir='ltr'><strong>in</strong></span> <span class='ocrx_word' id='word_1_405' title='bbox 1294 2697 1636 2750; x_wconf 84' lang='lat' dir='ltr'><strong>matrimonium</strong></span> <span class='ocrx_word' id='word_1_406' title='bbox 1655 2696 1868 2768; x_wconf 70' lang='lat' dir='ltr'><strong>ducerent</strong></span> <span class='ocrx_word' id='word_1_407' title='bbox 1890 2728 1902 2748; x_wconf 88' lang='lat'>‚</span> <span class='ocrx_word' id='word_1_408' title='bbox 1941 2694 2052 2742; x_wconf 81' lang='lat' dir='ltr'><strong>vide</strong></span> 
     </span>
    </p>

    <p class='ocr_par' dir='ltr' id='par_1_6' title="bbox 1087 2769 2051 2828">
     <span class='ocr_line' id='line_1_40' title="bbox 1087 2769 2051 2828; baseline -0.006 -11"><span class='ocrx_word' id='word_1_409' title='bbox 1087 2769 1144 2819; x_wconf 81' lang='lat' dir='ltr'><strong>M</strong></span> <span class='ocrx_word' id='word_1_410' title='bbox 1165 2780 1214 2814; x_wconf 86' lang='lat' dir='ltr'><strong>m</strong></span> <span class='ocrx_word' id='word_1_411' title='bbox 1250 2779 1277 2814; x_wconf 90' lang='lat'>2</span> <span class='ocrx_word' id='word_1_412' title='bbox 1872 2774 2051 2828; x_wconf 81' lang='lat' dir='ltr'><strong>praeter</strong></span> 
     </span>
    </p>
   </div>
  </div>
 </body>
</html>
